3038 4884
703 431 743 442 ..
785 395 828 460 30
871 431 912 442 -

252 579 383 664 ἐξαρκεῖ
402 579 462 664 γὰρ
484 581 504 667 ι)
529 579 746 667 ὑποληφθεῖσα
769 579 934 665 περιουσία
956 581 1029 656 τούς
1044 580 1221 648 υτθδίίοταε
1238 581 1375 668 ἀποπλη-

248 688 364 767 ρῶσαι.
424 681 492 748 ἰδοῦ
519 683 580 767 γὰρ
608 681 739 749 ἐνταῦθ’
769 682 890 768 ἐνόμιζε
927 683 1039 769 πολλὴν
1069 681 1145 746 εἰναι
1180 683 1233 768 τὴν
1261 683 1374 747 οἰκείαν

251 785 417 850 ὑπόστασιν
447 787 496 849 καὶ
528 784 685 850 δύνασθαι
718 788 751 850 τδ
780 787 882 850 ίκανδν
915 783 1062 851 ἐντεῦθεν
1100 784 1248 868 γενέσθαι
1257 785 1281 865 ¹)
1310 789 1375 862 τοῖς

251 887 504 974 ἐπορειλομένοις
524 889 575 954 καί
597 889 823 963 εὐνουστάτους
844 884 1060 974 ἠλευθέρωσεν
1089 885 1209 961 οἰκέτας
1231 888 1279 951 καί
1301 910 1375 950 παν-

216 994 348 1079 ῠταχοῦ
371 990 527 1054 ἐδείκνυτο
549 991 595 1054 ότι
624 991 745 1076 πονηρὰ
774 989 916 1065 διάθεσις
943 989 999 1077 οὐχ
1028 990 1116 1075 ὑπῆν.
1171 987 1309 1053 &nenton
1338 987 1374 1051 δὲ

249 1091 287 1180 ἦν
311 1092 491 1175 κύκιστονί),
514 1092 619 1179 ἐπειδη
643 1092 698 1180 οὐχ
719 1083 826 1178 ιῦςπερ
849 1092 971 1176 ἐνόμιζε
993 1091 1063 1154 κατ’
1087 1088 1235 1178 ἀληθειαν
1255 1089 1373 1174 μείζων

249 1195 287 1282 ἦν
309 1200 373 1258 τῶν
390 1190 541 1282 χρεῶνὴ
570 1195 666 1260 αὐτοῦ
695 1197 867 1280 περιουσία.
922 1193 1038 1258 ἐσθότε
1071 1195 1132 1277 γὰρ
1167 1191 1213 1256 δι’
1246 1193 1372 1275 ἄγνοιαν

249 1295 369 1380 ἑτέρως
396 1296 530 1382 οἰόμεθα
559 1298 630 1383 περὶ
659 1301 715 1384 τῆς
740 1291 899 1383 ἡμετέρας
928 1295 1108 1378 περιουσίας
1136 1293 1218 1382 ἤπερ
1245 1293 1309 1382 ἔχει
1338 1298 1372 1360 τὸ

250 1398 373 1486 ὐληθές.
418 1396 500 1475 ὥςτε
522 1397 577 1464 οῦν
600 1399 652 1464 δεῖ
674 1399 841 1464 συνελόντα
869 1398 964 1462 εἰπεῖν
995 1397 1065 1461 τότε
1093 1395 1290 1481 ὐκυροῦσθαι
1318 1398 1373 1472 τὰς

201 1513 233 1564 10
251 1501 436 1588 ἐλευθερίας
457 1504 511 1566 ότε
532 1503 613 1586 κυίἰ)
636 1505 744 1589 γνώμη
762 1504 886 1588 πονηρᾷ
900 1500 974 1576 τούς
989 1498 1111 1574 οἰκέτας
1125 1498 1337 1584 ἐλευθερώσω
1345 1499 1371 1582 ⁴)

247 1605 296 1668 καί
319 1607 352 1668 τδ
375 1605 535 1690 γινόμενον
557 1605 662 1692 ζημιοῖ
681 1605 751 1678 τούς
778 1604 952 1679 δανειστάς.
997 1604 1028 1665 4.
1058 1597 1214 1685 Ἔγνωμεν
1244 1603 1279 1665 ἐκ
1308 1607 1369 1666 τῶν
1387 1617 1414 1669 4„

248 1705 473 1788 προλαβόντων
496 1698 544 1769 ὅτι
566 1708 583 1766 ό
605 1705 738 1789 αέλίοτί)
761 1705 880 1770 εέαίἰου
903 1703 1019 1787 οἰκυροῖ
1037 1705 1093 1781 τὰς
1115 1703 1301 1786 ἐλευθερίας
1318 1705 1373 1778 τὰς

246 1807 279 1871 in
302 1807 451 1872 fraudem
472 1807 666 1874 creditorum
689 1809 854 1892 διδομένας
874 1814 973 1893 μισῶν
997 1811 1050 1894 τὴν
1083 1811 1139 1873 τοῦ
1167 1805 1372 1893 ἐλευθεροῦν·
1514 1875 1515 1892 ἶ

248 1930 301 1983 τος
323 1910 460 1974 διάνοιαν
483 1913 529 1986 ιὀς
551 1909 602 1974 ἐπ’
631 1910 732 1997 ἀδικίᾳ
759 1910 920 1996 γινομένην
947 1910 1076 1994 ἐτέρων.
1120 1911 1138 1974 ό
1161 1909 1254 1986 αὐτὸς
1277 1909 1373 1993 νόμος
1514 1897 1515 1900 ¹

199 2020 229 2072 15
247 2009 350 2097 ἐπέχει
384 2011 438 2084 τὰς
465 2010 650 2095 ἐλευθερίας
679 2012 734 2086 τὰς
767 2011 984 2098 παρεχομένας
1017 2012 1076 2075 ὑπό
1098 2017 1170 2082 ,τῶν
1198 2011 1371 2076 ἐλαττόνων

247 2116 309 2178 τῶν
332 2100 543 2193 ἶένιαοτῶν,
571 2114 607 2178 οὐ
631 2113 682 2178 διὰ
701 2118 806 2198 μῖσος,
829 2114 906 2177 ἀλλὰ
929 2112 975 2176 δι’
1003 2111 1125 2178 εὐνοιαν
1152 2117 1216 2178 τῶν
1245 2113 1371 2178 ἐλευθε-

243 2215 395 2298 ρούντων.
440 2213 586 2302 η’πίοτατο
609 2216 670 2298 γὰρ
693 2217 738 2290 ιὺς
759 2217 789 2278 οῖ
820 2215 962 2302 τοιαύτην
990 2217 1120 2299 ἄγοντες
1148 2217 1261 2302 ἡλικίαν
1284 2217 1371 2306 εὐχε-

243 2321 312 2402 ρῶς
346 2318 524 2384 ἀπατῶνται
553 2321 601 2383 καί
628 2323 695 2396 ταῖς
724 2323 786 2383 τῶν
814 2321 939 2385 οἰκετῶν
968 2319 1083 2385 εἴκουσι
1118 2319 1288 2395 κολακείαις
1321 2321 1372 2382 καί

244 2421 347 2506 τούτῳ
371 2425 416 2507 τῷ
437 2421 544 2507 τρόπῳ
568 2423 622 2508 την
643 2423 765 2486 ἑαυτῶν
788 2423 966 2488 ἐλιίττουσιν
992 2423 1170 2487 ὑπόστασιν.
1205 2428 1295 2488 τοῦτο
1311 2419 1369 2486 οὐν
1513 2425 1514 2448 ³

150 2551 151 2556 ¹
194 2539 229 2590 20
246 2523 338 2598 εἰδὼς
371 2527 438 2598 ταῖς
471 2522 590 2588 ἐκεῖθεν
622 2523 801 2606 ἐπιβουλαῖς
835 2525 889 2610 τὴν
919 2526 1032 2591 ἑαυτοῦ
1067 2523 1253 2607 νομοθέσίαν
1282 2523 1370 2588 ἀντέ-
1512 2461 1514 2578 ἰ

244 2647 368 2710 στησεν.
396 2625 539 2700 κωλύσας
561 2625 597 2690 δέ
619 2625 747 2700 τούτους
769 2629 820 2690 τόν
842 2625 919 2690 ἰδιον
942 2627 1061 2715 οἰκέτην
1076 2627 1276 2712 ἐλευθεροῦν,
1299 2627 1370 2691 ἐπί-

246 2727 358 2808 τρεψεν
385 2725 569 2807 ἐλευθερίαν
596 2727 747 2808 διδόναιθ)
774 2728 823 2791 ἐπί
850 2727 982 2810 εὐλόγου
1012 2730 1109 2804 αἰτίας
1137 2728 1186 2794 ἐπὶ
1215 2731 1370 2819 ἄρχοντος

245 2825 278 2888 ἐν
300 2825 439 2911 οουείλίῳ
463 2827 716 2915 δοκιμαζομένης.
761 2828 897 2915 εἴπωμεν
921 2831 956 2894 δὲ
980 2831 1135 2914 πρότερον
1159 2832 1187 2894 τί
1207 2831 1273 2896 ἐστι
1294 2851 1368 2898 oon-

243 2927 336 2992 silion
359 2930 407 2991 καί
428 2928 530 3003 οὑτως
551 2929 682 3014 ἐροῦμεν
704 2932 760 3006 τὰς
783 2932 931 3013 εὐλόγους
952 2933 1094 3006 αἰτίαςόῑ)
1125 2932 1278 2998 oonsssi6n
1302 2933 1368 2997 ἐστι

192 3047 226 3099 25
245 3029 407 3112 συνέδριον
429 3029 579 3116 φανερῶν
607 3032 734 3116 ιίνδρῶν
761 3034 838 3097 κατὰ
864 3035 962 3121 Ιδητδν
993 3041 1048 3099 τοῦ
1076 3033 1221 3100 ἐνιαυτοῦ
1252 3036 1367 3123 χρόνον

244 3133 476 3217 συνιστάμενον.
533 3132 651 3216 ἐγίνετο
687 3134 722 3197 δὲ
757 3138 846 3200 τοῦτο
881 3137 915 3199 τδ
948 3135 1101 3201 consilion
1133 3135 1171 3200 οὐ
1201 3132 1299 3220 μόνον
1332 3138 1366 3201 ἐν

241 3237 354 3323 ρώμη,
384 3236 461 3299 ιίλλὰ
488 3239 536 3298 καί
562 3235 595 3299 ἐν
627 3239 691 3310 ταῖς
721 3237 891 3325 ἐπαρχίαις.
948 3238 1114 3303 συνίστατο
1150 3240 1186 3304 δέ
1216 3239 1252 3302 ἐν
1288 3241 1365 3326 rqfl)

243 3341 343 3423 καιρῷ
366 3341 420 3404 τοῦ
448 3337 648 3422 οουυόαὑαί).
693 3341 743 3404 καί
765 3339 794 3403 τί
815 3341 880 3403 ἐστι
907 3339 1100 3421 c6nuenton3
1126 3343 1225 3427 ῥητός
1248 3341 1367 3428 χρόνος

243 3442 323 3522 πρδς
345 3442 507 3506 κατάλυσιν
529 3441 622 3504 δικῶν
644 3439 892 3526 ἐπινενοημένος.
916 3443 945 3506 οἰ
966 3445 1027 3526 γὰρ
1044 3446 1182 3527 ῥωμαῖοι
1196 3445 1249 3506 τὸν
1266 3447 1365 3510 πάντα

190 3571 226 3623 30
243 3543 355 3632 σχεδόν
377 3541 516 3609 ἐνιαυτόν
539 3541 575 3610 ἐν
597 3547 645 3632 τῷ
667 3545 810 3627 πολεμεῖν
839 3546 1041 3620 δαπανῶντες
1063 3547 1142 3608 κατά
1164 3569 1229 3609 τινα
1246 3545 1364 3634 χρόνον

308 3797 481 3866 1)μεν.ἐντ.
501 3798 551 3854 11².
653 3799 678 3867 δ)
698 3805 812 3854 euentus
830 3799 860 3852 δέ
878 3798 911 3868 ἦν
930 3801 1057 3860 κάκιστος
1074 3798 1107 3853 R.
1210 3801 1233 3868 ³)
1253 3799 1294 3853 de.
1313 3799 1364 3854 L'.

241 3882 265 3948 ⁴)
281 3881 425 3950 ἐλευθερῶ
445 3881 477 3935 F.
597 3884 621 3950 ὅ)
640 3883 687 3938 Ll.
706 3883 757 3937 Ιιῖ.
777 3881 859 3944 αἰλιος
877 3883 909 3938 G.
927 3883 958 3937 F.
978 3890 1029 3938 cet.
1049 3883 1144 3944 δέλτος.
1266 3885 1289 3948 ⁶)
1308 3883 1365 3936 ἐκέ-

241 3967 338 4020 λευσεν
356 3967 518 4036 ἐλευθερίαν
537 3967 581 4020 ἐπί
599 3986 622 4021 κ.
641 3986 664 4021 τ.
683 3969 706 4021 λ.
726 3967 787 4024 edd.
805 3975 859 4022 ant.
878 3969 909 4023 F.
1013 3969 1036 4034 ⁷)
1056 3967 1098 4022 de.
1117 3967 1167 4023 [οἳ.
1270 3969 1293 4034 ⁸)
1312 3967 1364 4022 L1.

241 4050 290 4105 1.².
308 4051 459 4117 κομβέντοο
477 4058 541 4108 cett.
558 4050 642 4122 ἤγουν
661 4057 710 4123 τῆς
728 4053 914 4114 συνελεύσιως
932 4053 993 4108 αδδ
1006 4053 1055 4107 Ιιί.

308 4137 336 4202 ε)
353 4135 387 4190 ef.
406 4135 464 4190 Gai.
485 4141 507 4204 1,
526 4139 569 4192 20.
588 4137 650 4205 Ulp.
671 4143 693 4206 1,
716 4141 778 4195 132.
