3096 4890
152 637 288 704 bachii
317 638 484 706 editionem
515 645 547 706 et
580 641 714 708 codicem
745 641 976 708 ambrosianum
1004 640 1040 721 (l,
1061 642 1081 706 3
1104 639 1156 708 ini.
1185 640 1274 706 adhi-

153 759 217 824 bui.
249 760 354 838 ¹plura
376 761 589 840 suppeditauit
612 767 765 826 tractatus
788 763 834 826 dc
857 761 1036 840 Peculiis,
1061 780 1151 846 quem
1176 762 1274 828 edidit

152 876 490 961 Heimbachius1),
515 901 551 946 ex
574 897 635 960 quo
659 882 743 946 locos
771 881 923 962 quosdam
946 882 1016 947 libri
1040 881 1085 946 11¹
1110 881 1273 962 castigaui.

153 999 361 1066 Michaelis
396 1002 619 1066 Attalensis
648 998 683 1064 τὸ
712 1001 826 1088 ποίημα
855 1023 916 1068 non
952 1009 1016 1068 tam
1049 1003 1088 1068 ad
1123 1000 1272 1068 heuncla-

153 1119 292 1186 uiensem
316 1120 491 1198 editionem,
514 1141 607 1203 quam
630 1123 670 1186 ad
693 1121 785 1188 fidem
808 1123 947 1188 codicum
970 1141 1063 1188 manu
1086 1124 1271 1206 scriptorum

155 1241 287 1306 ambros
311 1237 335 1320 I,
361 1241 419 1302 117
443 1238 527 1319 inl.²)
550 1242 644 1306 Laur.
666 1239 797 1320 LXXX,
821 1243 839 1306 6
863 1248 893 1306 et
918 1239 961 1318 V,
984 1244 1004 1304 4
1027 1241 1170 1319 laudaui,
1201 1260 1270 1308 eum

151 1359 214 1425 iam
239 1359 343 1423 studia
367 1379 465 1424 nouae
481 1361 619 1425 eiusdem
635 1362 778 1426 editionis
795 1361 1020 1442 comparandae
1036 1362 1164 1428 inierim.
1196 1360 1271 1426 item

153 1479 213 1544 Gai
236 1477 473 1546 Commentariis
497 1483 536 1545 ad
559 1482 708 1563 quosdam
733 1481 816 1545 locos
839 1482 1048 1546 emendandos
1069 1500 1144 1546 usus
1160 1480 1272 1564 sum⁸),

153 1610 185 1666 et
207 1603 275 1666 iure
299 1600 439 1680 quidem,
462 1620 531 1666 cum
558 1608 680 1667 constet
708 1619 854 1681 graecum
878 1600 937 1666 Gai
958 1600 1037 1663 κατὰ
1059 1600 1158 1675 πόδας
1179 1601 1272 1665 Para-

152 1723 256 1802 phrasi
282 1740 337 1802 pro
361 1721 562 1788 fundamento
584 1723 689 1788 fuisse.
718 1723 910 1786 coniecturas
933 1719 1081 1786 Reitaii
1105 1730 1137 1784 et
1160 1721 1271 1787 Wue-

153 1843 352 1906 stemanni
375 1844 490 1922 passim
514 1842 635 1920 admisi,
658 1860 739 1921 quae
762 1842 902 1924 singulae
924 1841 1032 1923 quales
1055 1840 1118 1905 sint
1140 1842 1206 1906 suis
1228 1840 1273 1906 lo-

153 1961 202 2028 cis,
219 1980 398 2043 proponam.

239 2081 308 2158 Qua
341 2088 444 2145 autem
473 2080 595 2146 ratione
618 2082 696 2146 hanc
720 2081 887 2146 editionem
912 2081 1171 2162 comparnucrim,
1198 2099 1271 2162 pau-

153 2201 197 2266 cis
219 2199 282 2264 iam
310 2200 457 2281 explicari
486 2208 599 2283 potest.
651 2202 855 2282 antiquiorem
886 2203 1094 2266 recensionem
1123 2201 1155 2264 iu
1184 2207 1272 2264 textu

153 2340 220 2384 sum
244 2326 385 2385 secutus:
409 2319 541 2385 mediam
570 2327 602 2385 et
628 2319 828 2384 nouissimam
859 2322 889 2383 in
920 2320 1002 2384 notis
1031 2321 1168 2401 exposui.
1214 2319 1272 2386 Or-

153 2439 369 2521 thographiam
392 2460 428 2504 ex
452 2439 611 2504 codicibus
639 2441 724 2517 dedi,
755 2441 808 2519 qui
837 2459 905 2504 eam
936 2439 1147 2505 recensionem
1180 2456 1272 2520 quam

152 2558 331 2624 fidelissime
358 2567 646 2638 repraesentarent,
669 2559 687 2622 i.
706 2579 732 2622 e.
778 2556 972 2624 Messanensi
1003 2564 1034 2625 et
1064 2559 1272 2625 Laurentiano

154 2682 286 2760 LXXX,
313 2686 338 2744 l.
390 2683 541 2748 Rubricas
570 2683 681 2747 latinas
712 2682 829 2764 ubique
858 2682 999 2748 seruaui:
1030 2699 1159 2762 granecas
1192 2681 1272 2745 enim

154 2821 222 2866 sero
257 2809 287 2866 et
328 2804 469 2884 imperite
510 2803 634 2866 additas
672 2819 741 2868 esse
781 2805 841 2868 iarn
880 2802 960 2867 uidit
998 2801 1184 2866 llcitaius
1222 2799 1275 2883 (Π,

156 2923 235 2986 1175
251 2923 322 3004 sq.).
368 2922 405 2985 de
433 2920 682 3002 orthographicis
711 2921 879 2985 canonibus
909 2921 982 2986 olibi
1010 2921 1070 2984 iarn
1101 2919 1190 3002 plura
1213 2920 1274 2984 dis·

153 3042 283 3123 serui⁴):
314 3047 450 3106 ceterum
481 3041 665 3104 monendum
695 3046 743 3104 ost
771 3058 927 3118 nunquam
957 3059 1005 3104 me
1034 3041 1113 3105 adeo
1148 3038 1273 3120 ingenio

154 3181 222 3226 meo
265 3161 441 3237 indulsisse,
467 3168 499 3224 ut
523 3177 602 3239 quae
625 3159 656 3223 in
680 3159 768 3224 libris
792 3168 896 3224 essent
924 3166 1047 3224 mutare
1074 3160 1269 3224 sustinerem.

156 3281 205 3346 lta
228 3281 343 3346 lactum
367 3287 414 3345 est
436 3287 471 3344 ut
493 3279 645 3360 quaedam
669 3278 766 3344 letina
789 3281 903 3352 uerba,
934 3297 1014 3358 quac
1038 3279 1179 3344 inlibris
1203 3297 1273 3344 cou-

154 3405 275 3466 stanter
302 3400 386 3465 nulla
414 3401 551 3482 pretiosa
578 3402 699 3465 ratione
725 3398 846 3482 graecis
876 3399 990 3464 litteris
1019 3399 1135 3479 scripta
1158 3405 1272 3478 essent,

154 3540 211 3601 ego
234 3539 358 3602 quoque
381 3523 501 3603 graecis
525 3518 638 3584 litteris
661 3521 880 3600 exprimerem,
904 3518 1047 3598 quamuis
1079 3518 1170 3584 aliter
1193 3526 1273 3585 cete·

154 3656 258 3704 rarum
283 3658 392 3706 uocum
416 3637 563 3720 ἀναλογία
590 3639 802 3720 persuaderet.
852 3643 998 3702 accentus
1020 3656 1143 3722 quoque
1165 3659 1273 3704 secun·

221 3931 244 3993 1)
259 3925 399 3981 Ἀνέαδοτα
416 3927 443 3980 lI
463 3931 607 3984 247-260.

224 4013 248 4080 θ)
276 4015 355 4068 Hunc
382 4013 478 4068 librum
501 4015 600 4068 diserte
623 4014 751 4082 descripsi
779 4012 982 4068 Reudiconti
997 4014 1065 4068 lat.
1083 4015 1190 4072 Lomb.
1209 4015 1272 4073 XVI

156 4104 299 4254 64‘gaon
319 4169 541 4257 quae‘orspuaur
557 4188 585 4240 tn
602 4186 807 4242 nenoteanes
825 4186 843 4238 r.
862 4201 883 4240 a.
902 4201 928 4253 p.
940 4188 997 4241 ora.
1016 4188 1074 4241 574.

220 4274 243 4341 4)
261 4273 346 4329 Rend.
372 4274 417 4327 lst.
437 4272 528 4327 Lomb.
549 4272 565 4327 l.
584 4287 606 4327 c.
625 4288 651 4340 p.
671 4275 779 4330 dl—da.
