2990 4884
713 423 924 489 ..87-

262 611 291 672 οί
311 609 429 672 τούτων
454 609 598 694 ἐγγυηταὶ
618 611 653 672 τδ
676 610 806 697 ἀζήμιον
829 608 1021 694 περιποιοῦσι
1044 613 1090 696 τῷ
1110 610 1185 693 νέῳ,
1217 605 1379 694 τηνικαῦτα

264 713 292 776 οί
312 714 366 798 τήν
390 712 564 794 ἀσφάλειαν
594 712 678 796 παρὰ
706 711 824 775 τούτων
854 712 1006 795 λαβόντες
1029 710 1314 799 κατασχεόήοονται
1341 713 1379 795 τῇ

262 812 445 893 infactum,
469 816 532 900 ήτις
548 813 581 878 ἐκ
605 817 656 876 τοῦ
680 815 847 898 γενομένου
871 815 985 904 ἐκλήόη
1016 815 1216 881 subsidiaria.
1260 815 1379 878 δίδοται

258 900 297 978 δὲ
324 916 410 1000 ήνίκιι
440 917 598 990 παντελῶς
629 916 673 1001 μή
707 916 845 998 λάβωσιν
878 917 989 999 ἐγγύας
1022 920 1050 980 οἱ
1082 917 1230 991 ελωδότες
1265 917 1380 991 ταύτας

228 1017 430 1100 πλαμβιίνειν
456 1018 476 1105 ή
510 1018 632 1099 λα’βωσι
663 1019 730 1102 μὲν,
765 1019 916 1105 ἐγγυητὰς
948 1020 984 1083 δὲ
1015 1021 1164 1094 δέξωνται
1197 1020 1377 1105 ἀπόρουςῑ).
1484 1081 1485 1094 ,

262 1118 339 1206 αὕτη
362 1119 398 1183 δὲ
419 1122 439 1207 η
462 1118 683 1202 subsidiarias
707 1122 852 1184 καὶκατὰ
875 1123 1085 1210 κληρονόμους
1113 1123 1241 1200 δίδοται,
1272 1123 1379 1208 ὥςπερ
1483 1097 1486 1205 ή

262 1221 380 1309 εἴρηται
402 1223 485 1305 nav)
508 1227 576 1297 ταῖς
598 1225 661 1284 τῶν
689 1225 798 1308 σοφῶν
828 1225 1006 1307 ἀποκρίσεσι
1034 1227 1082 1288 καὶ
1110 1231 1178 1299 ταῖς
1207 1226 1381 1307 βασιλικαῖς
1482 1227 1486 1330 ή

262 1325 444 1399 διατάξεων.
489 1325 518 1388 3.
553 1325 682 1389 Κάκείνο
705 1324 740 1387 δὲ
763 1325 936 1415 περιέχεται
957 1328 1064 1409 ὅτιπερ
1086 1330 1115 1391 οί
1142 1326 1378 1415 γειροτονηδέν-
1395 1339 1415 1388 3.
1482 1330 1486 1408 ξ

263 1451 313 1503 τες
335 1428 495 1511 ἐπίτροπιιι
518 1427 537 1514 ή
561 1429 752 1512 κουράτορες
774 1429 802 1494 ελ
821 1430 865 1515 μή
886 1428 1060 1515 θελήσωσιν
1090 1430 1281 1494 ίκανοδοσίαν
1304 1453 1380 1512 προ-
1482 1409 1486 1475 ί

217 1549 247 1600 10
264 1532 358 1614 φάσει
381 1535 435 1615 τῆς
458 1530 537 1605 ἰδίας
561 1529 730 1618 παρασχεῖν
760 1531 942 1617 διοικήσεως
971 1533 1074 1616 captis
1095 1531 1312 1615 pignoribus&
1337 1532 1381 1607 εἷς
1484 1543 1485 1548 ’

263 1629 351 1694 τοῦτο
376 1633 653 1722 συνελαδήσονται,
675 1634 813 1698 τουτέστι
833 1635 973 1699 κελεύσει
996 1633 1050 1698 τοῦ
1080 1633 1231 1722 ἄρχοντος
1256 1631 1381 1720 ληφόή·

262 1757 347 1798 σεται
380 1736 414 1798 ἐκ
447 1741 502 1822 τῆς
535 1734 643 1812 οὐσίας
671 1733 772 1799 αὐτῶν
803 1735 835 1799 ἐν
870 1737 954 1816 τάξει
986 1737 1134 1825 ἐνεχύρου
1169 1737 1379 1819 πράγματα.5)

262 1838 290 1900 4.
331 1833 406 1901 Οὔτε
436 1838 471 1901 δὲ
500 1837 687 1926 όῬώμηςῧ)
718 1837 788 1902 οὔτε
818 1841 834 1899 ό
862 1843 916 1924 τῆς
944 1839 1063 1913 πόλεως
1098 1837 1234 1928 ἔπαρχος
1259 1836 1334 1902 οὔτε
1363 1840 1417 1900 ύέμ

261 1939 400 2022 ριάἑλωτ
428 1939 500 2004 οὔτε
529 1943 547 2003 ό
576 1945 630 2027 τής
659 1941 807 2030 ἐπαρχίας
839 1941 944 2029 ἄρχων
978 1941 1152 2018 ύπεύδυνος
1184 1939 1380 2028 γενήσεταίῗ)

215 2057 246 2107 15
265 2065 340 2106 ποτε
363 2046 400 2129 τῇ
421 2041 623 2130 Βολιείύίατίᾳ,
647 2043 718 2106 ἀλλ’
746 2041 830 2106 οὗτοι
856 2044 945 2127 μόνοι
966 2043 1012 2120 οἷς
1037 2042 1171 2128 ούνηόες
1195 2044 1252 2118 τὰς
1280 2043 1381 2107 τοιαύ-

262 2167 318 2219 τας
340 2146 508 2229 λαμβάνειν
530 2145 686 2227 ἐγγύαςδ)

520 2758 566 2822 Ds
588 2754 853 2822 excusationibus.
861 2757 887 2840 ⁹)
931 2755 1052 2821 Titulus
1073 2757 1125 2822 25.

351 2907 392 2973 ίλύ
413 2909 509 2993 μόνον
533 2910 568 2974 δὲ
590 2913 609 2998 ή
632 2909 840 2996 προλαβοῡσά
860 2909 941 2975 ἐστιν
963 2911 1137 2993 ἐπιτρόπων
1164 2914 1211 2974 καὶ
1233 2913 1380 2997 κουρατύ-

260 3036 328 3098 ρων
351 3011 490 3075 κοινωνία
512 3013 558 3075 ὅτι
581 3012 710 3088 ἕκαστος
731 3012 833 3075 αὐτῶν
855 3011 976 3094 ἐγγύαις
996 3011 1181 3097 βαρύνεται,
1213 3015 1290 3076 ἀλλὰ
1317 3014 1379 3100 γὰρ
1485 3047 1486 3088 3

262 3117 311 3178 καί
332 3113 435 3198 ἑτέρα,
458 3115 505 3176 ότι
527 3113 657 3188 ἕκαστος
680 3115 781 3178 αὐτῶν
803 3113 999 3180 excusationi
1027 3116 1218 3201 καλούμενος
1246 3114 1295 3179 ἐπὶ
1322 3117 1379 3203 τήν

211 3245 245 3297 20
262 3216 444 3303 κηδεμονίαν
468 3215 641 3304 κεχρήσόαι
668 3215 804 3280 δύναται.
853 3217 943 3290 εἰδὼς
970 3217 1030 3301 γὰρ
1059 3219 1076 3280 δ
1108 3219 1202 3302 νόμος
1231 3221 1379 3302 φορτικὸν

261 3317 338 3382 ελναι
360 3320 407 3382 καί
427 3318 513 3404 βαρύ
538 3321 571 3381 τὸ
599 3323 654 3408 τῆς
676 3318 858 3405 κηδεμονίας
884 3321 1059 3405 φρόντισμα
1090 3322 1290 3407 παραιτήσεις
1311 3320 1379 3410 ἦτοι

262 3421 481 3488 excusationas
505 3421 537 3485 ἐκ
560 3421 724 3507 διαφόρων
747 3421 914 3510 ἐπενόησεν
938 3423 1050 3504 αἰτιῶν,
1078 3422 1122 3486 ὧν
1146 3423 1177 3487 εί
1195 3446 1239 3499 τις
1255 3426 1379 3511 χρήση-
1484 3421 1485 3444 ¹

261 3547 310 3588 ται
329 3528 387 3611 μιᾷ
409 3523 570 3609 διαφεύγει
595 3526 705 3612 τὸτῆς
731 3522 914 3611 κηδεμονίας
935 3523 1043 3612 ιίχόος.
1089 3526 1132 3598 ὡς
1162 3523 1210 3588 ἐπὶ
1240 3527 1274 3588 τὸ
1298 3525 1379 3588 πλεῖ-

328 3695 350 3761 l)
368 3692 474 3758 λάβωσι
491 3693 542 3756 μὲν
561 3692 699 3762 ἐγγυητὰς.
717 3691 841 3760 ἀπόρους
859 3693 898 3748 δι’.
916 3693 945 3746 P.
1037 3693 1060 3762 ἵ)
1078 3693 1104 3748 d.
1122 3693 1165 3750 Vi.
1183 3693 1215 3748 R.
1309 3694 1333 3760 ³)
1351 3692 1377 3746 d.

260 3777 302 3831 vi.
321 3777 352 3831 R.
454 3779 479 3843 4)
495 3778 578 3848 ἤγουν
598 3778 742 3847 ἀπαιτήσει
759 3777 897 3849 ἐνεχύρων
916 3779 976 3834 add.
994 3779 1036 3834 Vi.
1054 3780 1087 3835 R.
1190 3781 1214 3844 5)
1231 3797 1310 3836 -τος
1326 3777 1377 3832 11².

219 3881 222 3886 ¹
259 3863 282 3926 ⁶)
300 3861 366 3916 οὔτε
379 3858 485 3932 Ῥώμης
502 3863 518 3916 l.
537 3861 579 3925 R..
597 3862 643 3930 qui
660 3861 729 3917 haec
750 3861 834 3916 uerba
855 3868 886 3917 αι
908 3864 1040 3933 glossema
1062 3863 1146 3919 delet:
1169 3865 1286 3933 legerem
1309 3860 1377 3916 οὔτε

262 3947 292 3999 δὲ
309 3948 337 3999 ἐν
352 3944 442 4018 Ῥώμη
463 3949 478 3999 ό
495 3953 544 4016 τῆς
561 3947 665 4008 πόλεως
682 3953 731 4002 cst.
748 3948 788 4002 ita
805 3947 861 4002 fere
882 3947 922 4006 W.
1042 3951 1065 4017 ⁷)
1083 3948 1229 4003 ’όπεύύονσι
1246 3948 1377 4018 γενήσον·

259 4052 304 4086 ται
321 4033 362 4088 vi.
380 4034 412 4089 R.
526 4033 549 4098 θ)
566 4030 621 4085 οἷον
639 4032 664 4084 o!
682 4033 829 4102 στρατηγοί
846 4035 871 4087 οί
888 4033 981 4087 ἔκδικοι
998 4036 1055 4087 τῶν
1073 4033 1178 4087 πόλεων
1196 4033 1257 4089 add.
1279 4032 1322 4087 vi.
1339 4032 1374 4087 R.

258 4121 282 4186 ⁹)
299 4120 363 4189 περί
380 4120 574 4188 παραιτήσεως
591 4117 639 4171 hl.
657 4117 705 4171 11².
725 4135 810 4170 -εων
828 4117 858 4173 F.
873 4135 959 4179 -εως
976 4121 1034 4172 τῶν
1052 4116 1204 4188 ἐπιτρόπων
1222 4119 1267 4172 καί
1278 4135 1376 4186 κουρα-

260 4205 355 4275 τιύρων
374 4204 416 4260 vi.
433 4203 466 4258 R.
