2990 4884
699 405 910 468 ..86-

256 590 390 677 ἄρχοντα
420 591 452 652 ἐν
485 591 616 677 ζητήσει.
626 593 649 672 ¹)
699 591 746 652 διό
774 592 861 675 μόνῳ
890 592 975 677 αὐτῷ
1002 589 1318 675 καταπιστευδήσεται
1348 591 1368 675 ή

254 692 406 778 διοίκησις.
426 747 427 751 ,
452 692 578 756 δύναται
601 693 636 756 δέ
660 692 768 756 τούτου
791 695 950 778 γινομένου
977 696 995 756 δ
1025 693 1133 774 ἕτερος
1160 690 1369 754 άνύίστασδαι

254 797 300 858 καὶ
322 796 466 881 παρέχειν
489 796 601 878 ἐγγύας
621 798 671 859 καῖ
694 797 737 872 εἷς
766 799 875 860 ἑαυτὸν
904 795 1132 877 μετατιδέναιῖ)
1161 798 1212 858 τδν
1241 795 1369 880 ἐγχειρι-

252 897 340 981 σμόν.
390 898 469 970 ὥςτε
497 893 550 961 οὖν
578 899 696 961 πολλῶν
726 899 822 962 όντων
850 899 1137 974 δθείααιθολατίωα,
1176 899 1212 960 ού
1240 897 1372 960 δύναταί

216 1015 232 1064 ὃ
251 1019 294 1072 τις
317 997 539 1079 ἀνθιστάμενος
562 1001 659 1078 λέγειν
684 1005 728 1087 τῷ
750 1003 964 1086 συνεπιτρόπῳ
987 1000 1292 1088 ήσυγκοοράτοριῧ)
1314 1001 1371 1073 δδς

251 1101 364 1183 ἐγγύας
387 1104 435 1165 καῖ
456 1101 506 1188 ἔχε
531 1107 583 1188 τήν
606 1104 765 1187 διοίκησιν,
789 1104 859 1166 ἀλλ’
884 1107 910 1166 ελ
930 1105 1079 1186 βούλεται
1102 1127 1146 1180 τις
1172 1107 1370 1183 παρασκευά-

251 1228 302 1268 σαι
325 1208 375 1266 τὸν
398 1205 452 1267 σδν
475 1206 560 1289 αὐτῷ
582 1204 828 1290 κηδεμονεύοντα
845 1209 1014 1292 παρασχεῖν
1030 1205 1151 1286 ἐγγύας,
1175 1205 1267 1276 αὐτὸς
1291 1227 1367 1285 πρυ-

250 1309 373 1371 τεινέτω
397 1308 549 1389 ἐγγύαςί),
573 1308 620 1370 ἵνα
642 1309 676 1371 ἐκ
699 1310 791 1395 ζήλου
815 1311 862 1372 καῖ
885 1309 1112 1394 παρακλήσεως
1135 1310 1151 1367 ό
1179 1307 1289 1389 ἐτερας
1312 1329 1370 1368 πα-

250 1413 354 1498 ράσχη
378 1411 498 1493 ἐγγύας.
546 1411 736 1496 προσφέυιυν
759 1415 819 1494 γάρ
843 1411 905 1492 ἐγὼ
931 1413 982 1497 τήν
1005 1409 1200 1474 ίκανοδοσίαν
1223 1408 1369 1493 ἐπιλογήν

202 1522 233 1571 10
252 1513 361 1593 δίδωμι
391 1517 437 1598 τῷ
469 1515 683 1599 συνεπιτρόπῳ
718 1516 849 1596 πότερον
878 1515 1025 1595 βούλεται
1055 1513 1161 1594 λαβεῖν
1192 1514 1369 1595 ἀσφάλειαν

253 1616 330 1700 παρ’
354 1618 430 1698 ἐμοῦ
454 1619 502 1680 καῖ
524 1617 752 1705 παραχωρήσαί
770 1641 823 1700 μοι
850 1623 904 1702 τής
926 1619 1108 1700 διοικήσεως
1135 1615 1154 1701 ή
1182 1617 1289 1678 δοῦναι
1319 1616 1369 1676 καὶ

253 1719 360 1802 λαβεῖν
382 1722 435 1806 τήν
459 1722 612 1805 διοίκησιν.
648 1723 675 1784 εἰ
696 1721 732 1783 δέ
752 1721 861 1804 μηδεὶς
884 1726 944 1782 τῶν
967 1718 1239 1784 testamentariwn
1262 1716 1280 1802 ή
1305 1722 1369 1780 τῶν

254 1820 292 1893 ἐξ
310 1823 528 1904 inquisitionos
537 1825 561 1905 ⁵)
584 1824 696 1904 ἐγγύας
719 1823 898 1906 προςρέρει,
923 1823 950 1884 εἰ
962 1824 1019 1906 μὲν
1040 1824 1057 1881 ό
1074 1821 1262 1906 τελευτήσας
1274 1822 1369 1904 ῥητῷ

253 1947 308 1985 τινι
331 1927 492 2009 προσώπῳ
518 1929 570 2012 τήν
592 1925 734 2010 διοίκησιν
757 1923 936 2008 ἐπέτρεψεν,
960 1923 1077 1998 ἐκεῖνος
1099 1922 1257 1996 διοικείτω,
1281 1923 1316 1984 δν
1332 1925 1370 1985 τὸ

202 2029 233 2078 15
249 2027 355 2108 μεῖζον
375 2027 473 2109 μέρος
495 2026 666 2100 ἐπιλέξαιτο
675 2028 699 2110 6)
727 2032 789 2089 τῶν
819 2027 1058 2108 συνεπιτρόπων,
1112 2031 1201 2089 τοῦτο
1230 2027 1291 2106 γὰρ
1318 2027 1371 2088 καῖ

253 2130 298 2213 τῷ
321 2127 465 2213 οδίοίῳῚ)
497 2130 669 2215 περιέχεται
699 2133 752 2192 τοῦ
779 2128 956 2210 ρταὸίοτοα.
1009 2131 1036 2192 εί
1063 2128 1099 2193 δὲ
1129 2130 1285 2215 διχονούσι
1311 2151 1370 2210 με·

252 2231 327 2302 ταξδ
357 2233 496 2321 α’λλήλων
527 2235 555 2294 οῖ
582 2231 741 2318 ἐπίτροποι
768 2235 838 2316 περὶ
867 2234 920 2317 τὴν
951 2236 1003 2295 τού
1033 2233 1212 2316 ὀφείλοντος
1242 2231 1369 2292 διοικεῖν

255 2331 406 2420 ἐπιλογήν,
431 2338 478 2398 καὶ
500 2336 604 2415 οἱμὲν
627 2336 733 2414 τόνδε,
764 2338 792 2397 οῖ
820 2334 857 2398 δέ
886 2335 1023 2415 τούςδεθ)
1053 2333 1244 2414 ἐπιλέγονται
1272 2332 1372 2412 (εἰκὸς

252 2439 311 2519 γὰρ
335 2439 448 2522 πολλής
470 2437 565 2524 ούσης
586 2442 642 2524 τῆς
663 2437 850 2521 pupillarias
872 2439 976 2514 οὐσίας
1004 2439 1044 2520 μή
1072 2437 1175 2518 άρκεῖν
1203 2434 1258 2496 ἐνα
1288 2436 1372 2515 πρὸς

201 2545 235 2595 20
255 2539 430 2625 διοίκησιν),
455 2545 618 2624 τηνικαῦτα
647 2544 664 2600 ό
692 2541 831 2624 ρταὸίωτ
860 2539 1051 2620 ἐπιλεγέσδω
1081 2539 1115 2601 δν
1144 2539 1291 2620 βούλεται
1320 2520 1373 2600 καὲ

256 2641 341 2726 αύτῷ
364 2642 417 2726 τήν
446 2643 589 2728 διοίκησιν
618 2641 818 2726 ἐπιτρεπέτω.
868 2646 903 2706 τδ
932 2643 1005 2706 αὐτό
1034 2665 1136 2726 φαμεν
1165 2641 1214 2703 διὰ
1244 2641 1372 2704 πάντων

256 2744 303 2804 καὶ
331 2745 401 2825 περὶ
430 2746 549 2807 πολλῶν
577 2743 617 2818 ἐξ
646 2746 867 2829 inquisitiones
897 2746 1098 2827 δοδέντωυθ).
1158 2745 1207 2808 δεῖ
1232 2746 1292 2827 γὰρ
1321 2749 1373 2807 καῖ

252 2844 302 2910 ἐπὶ
323 2846 425 2908 αὐτῶν
448 2849 481 2909 τδ
500 2849 606 2928 μεῖζον
633 2850 731 2934 μέρος
753 2849 947 2931 ἐπιλέγεσδαι
975 2851 1026 2912 τὸν
1048 2849 1212 2931 ὀφείλοντα
1234 2847 1371 2909 διοικεῖν.

252 2949 281 3011 2.
310 2945 445 3035 Ἡβήσας
466 2952 502 3015 δὲ
524 2956 541 3016 ό
565 2955 648 3031 νέος,
676 2953 770 3041 ήγουν
799 2957 816 3017 ό
846 2953 964 3038 ἀφήλιξ
986 2952 1154 3034 γενόμενος
1186 2950 1301 3022 τέλειος
1333 2949 1372 3013 ου’
1392 2964 1417 3014 2.

200 3065 233 3116 2ο
249 3055 345 3136 μόνον
369 3056 439 3129 τοδς
460 3054 645 3139 ἐπιτρόπους
666 3056 687 3143 ή
709 3057 781 3132 τοδς
806 3056 1002 3139 κουράτορας
1030 3056 1188 3136 προφάσει
1216 3056 1270 3139 τῆς
1297 3052 1374 3115 διοι-

253 3159 373 3246 κήσεως
395 3158 516 3232 ἕξουσιν
539 3158 740 3238 ὑπευθύνους,
764 3160 840 3222 ἀλλὰ
862 3158 1018 3233 κάκείνους
1040 3157 1070 3218 οἳ
1091 3156 1178 3240 παρὰ
1193 3160 1256 3218 τῶν
1279 3157 1374 3239 κηδε-

252 3264 356 3347 μόνων
385 3263 579 3348 λαμβάνουσι
606 3266 661 3348 τήν
690 3261 893 3327 ίκανοδοσίαν.
954 3259 1057 3347 ἔχουσι
1084 3259 1120 3321 δὲ
1146 3259 1223 3321 κατὰ
1252 3257 1374 3322 τούτων

254 3370 307 3455 τήν
329 3370 362 3432 in
382 3367 555 3451 factum‚¹⁰)
579 3370 644 3455 ήτις
666 3368 842 3450 ὠνόμασται
869 3362 1062 3428 subsidiaria
1091 3363 1143 3424 διὰ
1170 3365 1204 3424 τό
1232 3360 1373 3448 ἐσχάτην

257 3473 350 3556 αὐτήν
373 3470 518 3560 παρέχειν
538 3470 750 3558 βοήδειανΠ)
771 3469 858 3557 ήνίκα
880 3469 940 3552 γὰρ
960 3466 1043 3552 μηδὲ
1058 3468 1086 3528 οἱ
1101 3465 1269 3551 κηδεμόνες
1286 3463 1374 3548 μηδὲ

320 3762 343 3826 1)
361 3761 389 3811 ἐν
409 3763 443 3832 τῇ
462 3760 572 3829 ζητήσει
590 3758 629 3817 εἰς
646 3758 677 3810 τδ
697 3757 789 3810 δοῦναι
808 3757 954 3826 ἐπίτροπον
972 3756 1034 3822 Epi.
1144 3755 1167 3822 δ)
1185 3753 1374 3822 παρατιθέναι

253 3848 282 3900 Ρ.
386 3843 409 3911 3)
426 3847 466 3912 τῷ
484 3857 592 3913 κουρατ.
610 3843 639 3896 Ρ.
770 3844 793 3906 4)
811 3841 950 3909 πρότερον
970 3841 1026 3908 ἐγγ.
1043 3857 1124 3907 προτ.
1141 3839 1173 3894 R
1293 3839 1315 3904 ⁵)
1335 3853 1374 3892 ex

255 3931 425 4000 inquisitione
444 3928 485 3984 Vi.
503 3927 534 3982 R.
630 3929 653 3994 ⁶)
671 3927 742 3985 ἐξελ.
761 3927 789 3980 Ρ.
807 3926 839 3980 R.
920 3927 942 3995 7)
960 3923 1042 3995 ήγουν
1063 3926 1257 3994 νομούιτήματι
1274 3924 1317 3976 Vl.
1336 3921 1372 3978 R.

254 4017 278 4078 ⁸)
295 4015 374 4068 τόνδε
392 4014 424 4069 R.
474 4016 497 4080 ⁹)
515 4014 575 4067 δυδ.
594 4029 629 4066 ex
645 4012 817 4080 inquisitione
835 4011 876 4067 Vi.
888 4012 922 4066 R.
940 4029 1004 4079 φομ.
1022 4013 1066 4064 καὶ
1084 4011 1147 4078 περὶ
1159 4011 1266 4063 πάντων
1279 4009 1314 4071 ἐξ
1329 4027 1371 4060 εν.

258 4103 316 4154 non.
333 4102 363 4155 Ρ.
466 4101 500 4167 1⁰)
518 4102 535 4170 ή
554 4101 602 4168 τὴν
621 4104 670 4168 τῆς
687 4097 778 4166 διπλῆς
795 4098 967 4166 ἀπαιτήσεως
984 4097 1092 4166 ἀγωγὴν
1110 4095 1160 4150 Ιιῗ.
1175 4096 1203 4149 Ρ.
1220 4098 1237 4165 ἢ
1256 4095 1288 4147 τδ
1306 4093 1374 4164 ἀζή-

254 4205 312 4251 μιον
331 4186 388 4242 edd.
406 4194 461 4242 nni.
479 4185 510 4240 F.
527 4184 558 4239 R.
645 4187 679 4252 11)
698 4185 815 4255 ἐσχάτην
834 4183 968 4254 βοήθειαν
987 4182 1080 4242 αὐτοῖς
1097 4183 1259 4253 παρέχουσα
1276 4179 1318 4235 vi.
1337 4178 1372 4236 R
