3038 4884
523 733 571 798 De
596 733 863 818 adoptionibus1).
908 731 1031 798 Titulus
1056 737 1104 798 ll.

333 914 491 1001 Ἔγνωμεν
511 920 544 984 ἐν
568 925 632 996 τοῖς
654 921 867 1004 προλαβοῦσιν
895 922 1001 1003 ότιπερ
1025 917 1136 1008 ἔχομεν
1165 920 1200 982 τὸ
1227 917 1262 981 in
1290 923 1385 1000 pote·

254 1025 338 1086 state
360 1022 438 1084 κατὰ
456 1025 518 1086 τῶν
542 1021 706 1109 ἡμετέρων
729 1021 850 1086 παίδων
871 1025 935 1084 τῶν
958 1021 995 1094 ἐξ
1015 1020 1154 1104 ἐννόμων
1176 1021 1286 1103 γάμων
1309 1021 1383 1106 ημῖν

254 1125 466 1209 γεννωμένων.
496 1123 610 1188 εἰδέναι
633 1125 669 1188 δέ
686 1127 749 1211 χρὴ
772 1125 818 1186 ότι
840 1122 918 1210 αότη
940 1125 960 1210 η
982 1121 1161 1206 potestas&
1184 1123 1233 1186 καὶ
1254 1121 1383 1185 ἐπὶτῶν
1507 1193 1508 1206 ,

254 1225 356 1290 θετιῖιν
387 1227 508 1310 πρόεισι
545 1226 674 1290 παίδων.
719 1228 767 1290 καί
789 1226 817 1288 τί
837 1226 919 1289 ἐστιν
951 1224 1145 1301 υίοθεσίαςθ)
1169 1223 1280 1310 νομίμη
1303 1229 1384 1307 πρᾶ-

219 1330 301 1405 όξις
322 1329 493 1416 μιμουμένη
521 1331 576 1415 τὴν
600 1329 692 1414 φύσιν
715 1330 794 1410 πρὸς
816 1325 937 1390 παίδων
945 1327 971 1409 ³)
1001 1323 1203 1410 παραμυθίαν
1226 1325 1384 1410 ἐπινενοη-

252 1431 348 1516 μένη·
372 1434 463 1519 τυχὸν
485 1429 546 1513 γὰρ
568 1429 626 1496 ούκ
648 1428 761 1518 ἔχωνέ)
785 1429 899 1504 παῖδας
921 1429 971 1491 διὰ
1000 1431 1035 1492 τὸ
1062 1429 1104 1514 μὴ
1132 1427 1236 1490 ἐλθεῖν
1257 1428 1307 1490 ἐπὶ
1327 1428 1383 1509 γά-

252 1555 313 1616 μον
334 1531 354 1620 )
376 1531 480 1595 ἐλθεῖν
498 1532 556 1614 μὲν
576 1533 620 1617 μὴ
644 1531 863 1616 παιδοποιῆσαι
886 1531 922 1594 δὲ
944 1528 967 1618 η“
990 1530 1206 1617 παιδοποιῆται
1225 1530 1283 1611 μὲν
1305 1529 1383 1590 ἀπο-

253 1633 442 1716 βαλέσθαιῦ)
464 1633 501 1698 δὲ
522 1632 662 1711 τούτους,
684 1635 721 1696 τδ
743 1633 778 1696 ἐιι
800 1638 855 1719 τῆς
877 1633 1007 1719 φύσεως
1029 1631 1197 1716 ἐλάττωμα
1219 1631 1290 1720 ἣτδ
1305 1655 1383 1714 συμ-

253 1735 317 1817 βδιν
338 1734 518 1822 δυστύχημα
539 1735 733 1817 βουλόμενος
755 1733 953 1819 ἐπικουφίσαι
982 1733 1131 1819 ἔλαβονθ)
1154 1735 1199 1812 είς
1220 1734 1383 1800 υἱοθεσίαν

206 1849 239 1898 10
257 1838 363 1918 τινάῖ).
394 1846 489 1904 τοῦτο
513 1836 549 1899 δὲ
571 1836 692 1923 εἴρηται
714 1835 772 1923 οὐχ
794 1837 869 1918 ὡςθ)
896 1837 1002 1920 μόνων
1010 1836 1036 1920 ⁹)
1067 1835 1194 1902 ἐκείνων
1225 1837 1270 1912 εἰς
1291 1836 1382 1901 θέσιν

255 1937 479 2023 λαμβανόντων
507 1941 570 2000 τῶν
599 1933 659 2002 οὐκ
685 1934 823 2025 ἐχόντων
855 1938 988 2014 παῖδας·
1031 1941 1080 2002 καὶ
1109 1941 1138 2002 οῖ
1167 1937 1291 2027 ἔχοντες
1320 1939 1382 2021 γὰρ

256 2039 469 2119 όιιωλότωςῑθ)
493 2041 649 2126 λήψονται,
673 2041 719 2116 ὡς
734 2042 782 2104 καῖ
803 2037 840 2105 ἐν
863 2047 927 2114 τιιῖς
949 2042 1160 2126 προλαβοῦοιν
1183 2040 1302 2128 εῖρηται
1324 2036 1381 2105 ἐπ’

256 2141 374 2206 ἐκείνου
396 2146 452 2205 τοῦ
472 2140 620 2224 θέματος,
645 2139 725 2208 ἔνθα
748 2142 873 2223 εἴπομεν
896 2147 948 2207 τὸν
972 2143 1167 2228 βουλόμενον
1190 2143 1235 2216 εἷς
1249 2142 1381 2225 θέσινῙῙ)

256 2245 363 2327 λαβεῖν
385 2245 441 2332 τὴν
464 2242 587 2330 νύμφην
610 2243 629 2330 ἢ
651 2244 705 2308 τόν
728 2244 890 2329 γαμβρὸν,
922 2246 1077 2330 πρότερον
1105 2248 1156 2309 τὸν
1179 2246 1243 2308 υἱὸν
1272 2243 1296 2330 ’ἦ
1326 2245 1382 2330 την

207 2355 239 2404 15
256 2347 463 2430 tvyare'pass)
503 2351 598 2411 ποιεῖν
632 2346 907 2430 θωεααίρόύαεῑδ).
948 2349 1029 2422 ὥςτε
1057 2345 1113 2411 σόν
1142 2343 1177 2411 ἐν
1204 2345 1315 2432 ἐκείνῳ
1338 2349 1385 2431 τῷ

256 2447 369 2530 θέματι
391 2450 418 2513 εὶ
443 2450 532 2536 μὴῙέ)
559 2451 660 2534 γάμος
689 2449 785 2535 ὑπῆν,
816 2449 907 2513 οὐδὲν
935 2448 1095 2524 ἐνεπόδιζέ
1123 2455 1160 2535 τῇ
1188 2450 1300 2532 πράξει
1327 2451 1383 2535 τῆς

257 2551 387 2625 θέσεως.
443 2551 513 2614 ἀλλ’
544 2549 630 2615 εἷπον
670 2551 808 2615 ἐνταῦθα
844 2554 923 2634 πρὸς
956 2550 1161 2638 παραμυθίαν
1194 2551 1383 2630 ἀπαιδίαςῑδ)

258 2653 476 2741 ἐπινενοῆσθαι
513 2656 566 2740 τὴν
603 2654 699 2734 θέσιν,
738 2653 787 2718 ἵνα
826 2655 960 2743 δηλώσω
997 2659 1031 2720 τὸ
1060 2657 1220 2741 γινόμενον
1254 2648 1299 2730 ὧς
1335 2655 1385 2719 ἐπὶ

259 2758 294 2818 τὸ
335 2757 487 2820 πλεῖστον.
544 2761 571 2822 l.
608 2751 652 2820 'H
688 2756 724 2819 δὲ
768 2757 911 2821 υἱοθεσία
949 2760 1094 2844 ρωμαῑκη
1130 2760 1223 2843 φωνῇ
1262 2757 1383 2839 λέγεται
1403 2771 1425 2822 l.

207 2875 243 2927 μυ
260 2855 432 2939 adoptiwn.
487 2857 566 2944 αότη
596 2855 675 2921 οὖσα
703 2860 821 2940 γενικδν
848 2857 948 2942 ὄνομα
978 2859 1023 2934 εἷς
1053 2859 1110 2923 δύο
1138 2859 1310 2944 διαιρεῖται,
1340 2859 1384 2933 εἷς

260 2959 472 3041 adrogatione.
501 2962 551 3023 καὶ
576 2961 631 3046 τὴν
662 2961 829 3044 ὁμώνυμον
857 2960 1042 3042 adoption&
1092 2963 1112 3048 η
1149 2961 1186 3024 δὲ
1222 2961 1386 3046 adoptiwn

260 3063 374 3145 γίνεται
395 3063 453 3127 δύο
476 3063 602 3146 τρόποις
622 3062 642 3150 ἢ
665 3062 699 3126 ἐκ
720 3062 920 3145 βασιλέωςῑθ)
943 3063 1137 3151 ἀντιγραφῆς
1157 3062 1177 3150 ἢ
1200 3063 1235 3127 ἐκ
1249 3064 1387 3147 προστά-

259 3167 342 3240 ξεως
371 3166 531 3254 ἄρχοντος.
581 3163 634 3237 Ἐξ
660 3166 853 3252 ἀντιγραφῆς
880 3166 1038 3248 βασιλέως
1067 3166 1196 3243 τούτους
1222 3165 1242 3253 ἢ
1272 3164 1386 3237 ταύτας

259 3269 306 3345 είς
327 3267 414 3333 θέσιν
436 3267 648 3352 λαμβάνομεν,
671 3267 779 3343 οἵτινες
802 3267 876 3330 εἰσὶν
892 3267 1099 3340 αύτεξούσιοι·
1120 3271 1213 3332 τοῦτο
1229 3252 1315 3331 δὲ’τδ
1331 3271 1386 3353 τῆς

331 3529 354 3590 1)
371 3525 436 3594 περὶ
454 3525 599 3578 υίσύεσιῶν
618 3522 679 3577 αδδ.
698 3521 757 3577 libr.
868 3522 892 3592 1)
910 3521 938 3575 in
955 3527 1092 3590 potestate
1110 3521 1191 3575 Tzur.
1209 3518 1270 3574 edd.
1288 3527 1337 3574 ant
1354 3518 1386 3572 F.

261 3613 286 3675 ³)
303 3611 425 3663 ἀπαίδων
443 3609 476 3663 L.
493 3625 535 3663 ου.
554 3609 586 3664 R.
693 3606 1003 3677 1)τλςα(1ιλ.Ρ.Ρ.Β.
1129 3603 1387 3672 1)-ἀλλεσθαιΡ.

259 3697 287 3760 ⁶)
305 3695 367 3748 dedi
385 3709 420 3747 ex
437 3694 466 3749 P.
485 3695 565 3749 Tzur.
584 3699 647 3747 cett.
664 3723 699 3733 -
717 3709 757 3747 εν.
873 3692 897 3758 1)
914 3691 958 3743 διὰ
975 3691 1037 3748 add.
1055 3691 1085 3746 P.
1102 3692 1184 3746 Tzur.
1304 3689 1330 3749 ⁸)
1349 3690 1388 3748 ὡς

262 3781 298 3833 σό
314 3780 344 3834 Ρ.
362 3779 443 3834 Taur.
460 3779 493 3834 R.
675 3779 700 3846 9)
719 3776 768 3833 bl.
786 3782 851 3831 cett.
870 3792 945 3829 -ον,
1124 3779 1160 3842 10)
1177 3778 1271 3836 -ύως
1288 3774 1338 3830 61.
1355 3773 1387 3827 F.

263 3867 300 3934 11)
317 3865 356 3925 εὶς
372 3866 400 3918 θ.
417 3864 492 3930 βονλ.
513 3864 542 3919 P.
560 3864 641 3918 Taur.
659 3863 691 3918 R.
778 3861 814 3925 11)
832 3861 951 3928 ὀφείλειν
969 3860 1031 3916 εδδ.
1050 3861 1093 3916 vi.
1112 3860 1145 3918 R.
1226 3861 1261 3927 11)
1279 3859 1388 3927 ἐμσγνιι·

264 3950 351 4004 πάτον
369 3949 403 4004 R.
574 3951 609 4014 1⁴)
628 3947 676 4003 Ιι1.
695 3953 759 4003 cett.
777 3945 839 4000 add.
857 3946 881 4000 δ.
1052 3946 1088 4012 11)
1107 3938 1228 4000 (λπαίδων
1252 3947 1281 4000 P.
1304 3944 1336 3999 F.
1354 3944 1388 3998 R.

265 4036 301 4103 1⁶)
318 4034 459 4102 βασιλικῆς
477 4033 519 4088 vi.
538 4033 586 4086 1⁴¹1.
604 4030 637 4088 R.

330 4157 361 4221 a)
377 4153 446 4209 haee
464 4152 572 4208 suntin
589 4150 652 4220 Epi.
669 4156 694 4220 5,
711 4155 736 4206 9.
754 4165 840 4219 usque
859 4148 902 4205 ad.
921 4169 945 4204 υ.
963 4149 1054 4217 φύσιν.
1072 4147 1141 4218 Epa.
1160 4151 1202 4218 31,
1219 4153 1245 4204 ό.
