<?xml version="1.0" encoding="UTF-8"?>
<!DOCTYPE html PUBLIC "-//W3C//DTD XHTML 1.0 Transitional//EN"
    "http://www.w3.org/TR/xhtml1/DTD/xhtml1-transitional.dtd">
<html xmlns="http://www.w3.org/1999/xhtml" xml:lang="en" lang="en">
 <head>
  <title>
</title>
<meta http-equiv="Content-Type" content="text/html;charset=utf-8" />
  <meta name='ocr-system' content='tesseract 3.04.00' />
  <meta name='ocr-capabilities' content='ocr_page ocr_carea ocr_par ocr_line ocrx_word'/>
</head>
<body>
  <div class='ocr_page' id='page_1' title='image "./institutionumgr00linggoog_0298.png"; bbox 0 0 3022 4884; ppageno 0'>
   <div class='ocr_carea' id='block_1_1' title="bbox 706 375 940 440">
    <p class='ocr_par' dir='ltr' id='par_1_1' title="bbox 706 375 940 440">
     <span class='ocr_line' id='line_1_1' title="bbox 706 375 940 440; baseline 0 0"><span class='ocrx_word' id='word_1_1' title='bbox 706 375 940 440; x_wconf 81' lang='lat'><strong>-133-</strong></span> 
     </span>
    </p>
   </div>
   <div class='ocr_carea' id='block_1_2' title="bbox 259 523 1490 650">
    <p class='ocr_par' dir='ltr' id='par_1_2' title="bbox 259 523 1490 650">
     <span class='ocr_line' id='line_1_2' title="bbox 259 523 1490 650; baseline -0.003 -22"><span class='ocrx_word' id='word_1_2' title='bbox 259 557 469 650; x_wconf 66' lang='grc' dir='ltr'><em>’ἔημησαέγώ</em></span> <span class='ocrx_word' id='word_1_3' title='bbox 492 561 583 650; x_wconf 72' lang='grc' dir='ltr'><em>Τὶίὶῳ</em></span> <span class='ocrx_word' id='word_1_4' title='bbox 604 557 641 628; x_wconf 89' lang='grc' dir='ltr'><em>τδ</em></span> <span class='ocrx_word' id='word_1_5' title='bbox 662 561 741 649; x_wconf 85' lang='grc' dir='ltr'><em>ἐμὸν</em></span> <span class='ocrx_word' id='word_1_6' title='bbox 762 562 884 646; x_wconf 77' lang='grc' dir='ltr'><em>βιβλίον</em></span> <span class='ocrx_word' id='word_1_7' title='bbox 906 561 925 650; x_wconf 82' lang='grc' dir='ltr'><em>ή</em></span> <span class='ocrx_word' id='word_1_8' title='bbox 947 561 1110 645; x_wconf 86' lang='grc' dir='ltr'><em>ἐμίσθωσα</em></span> <span class='ocrx_word' id='word_1_9' title='bbox 1133 561 1220 648; x_wconf 79' lang='grc' dir='ltr'><em>αὐτῷ</em></span> <span class='ocrx_word' id='word_1_10' title='bbox 1236 559 1291 626; x_wconf 88' lang='grc' dir='ltr'><em>τδν</em></span> <span class='ocrx_word' id='word_1_11' title='bbox 1307 559 1396 643; x_wconf 81' lang='grc' dir='ltr'><em>ἐμὸν</em></span> <span class='ocrx_word' id='word_1_12' title='bbox 1489 523 1490 530; x_wconf 16' lang='grc' dir='ltr'><em>λ</em></span> 
     </span>
    </p>
   </div>
   <div class='ocr_carea' id='block_1_3' title="bbox 153 661 1426 3517">
    <p class='ocr_par' dir='ltr' id='par_1_3' title="bbox 230 661 1396 1061">
     <span class='ocr_line' id='line_1_3' title="bbox 265 661 1396 756; baseline 0.001 -29"><span class='ocrx_word' id='word_1_13' title='bbox 265 663 384 752; x_wconf 79' lang='grc' dir='ltr'><em>οἰκέτην</em></span> <span class='ocrx_word' id='word_1_14' title='bbox 406 665 425 754; x_wconf 82' lang='grc' dir='ltr'><em>ή</em></span> <span class='ocrx_word' id='word_1_15' title='bbox 448 666 632 756; x_wconf 88' lang='grc' dir='ltr'><em>παρεθέμην</em></span> <span class='ocrx_word' id='word_1_16' title='bbox 653 668 740 752; x_wconf 78' lang='grc' dir='ltr'><em>αὐτῷ</em></span> <span class='ocrx_word' id='word_1_17' title='bbox 763 668 816 730; x_wconf 86' lang='grc' dir='ltr'><em>τὸν</em></span> <span class='ocrx_word' id='word_1_18' title='bbox 837 665 912 748; x_wconf 86' lang='grc' dir='ltr'><em>ἐμὸν</em></span> <span class='ocrx_word' id='word_1_19' title='bbox 934 663 1049 730; x_wconf 89' lang='grc' dir='ltr'><em>δίσκον.</em></span> <span class='ocrx_word' id='word_1_20' title='bbox 1072 663 1271 748; x_wconf 79' lang='grc' dir='ltr'><em>ἐτελεύτησεν</em></span> <span class='ocrx_word' id='word_1_21' title='bbox 1294 661 1396 737; x_wconf 81' lang='grc' dir='ltr'><em>οὗτος</em></span> 
     </span>
     <span class='ocr_line' id='line_1_4' title="bbox 264 764 1395 858; baseline 0.001 -30"><span class='ocrx_word' id='word_1_22' title='bbox 264 765 315 830; x_wconf 85' lang='grc' dir='ltr'><em>ἐπί</em></span> <span class='ocrx_word' id='word_1_23' title='bbox 334 791 381 832; x_wconf 92' lang='grc' dir='ltr'><em>σοι</em></span> <span class='ocrx_word' id='word_1_24' title='bbox 402 769 595 856; x_wconf 79' lang='grc' dir='ltr'><em>κληρονόμῳ.</em></span> <span class='ocrx_word' id='word_1_25' title='bbox 629 768 726 858; x_wconf 89' lang='grc' dir='ltr'><em>ηόρες</em></span> <span class='ocrx_word' id='word_1_26' title='bbox 747 769 875 849; x_wconf 68' lang='grc' dir='ltr'><em>ταῦταῑ)</em></span> <span class='ocrx_word' id='word_1_27' title='bbox 899 767 933 832; x_wconf 86' lang='grc' dir='ltr'><em>ἐν</em></span> <span class='ocrx_word' id='word_1_28' title='bbox 954 765 992 855; x_wconf 70' lang='grc' dir='ltr'><em>τῇ</em></span> <span class='ocrx_word' id='word_1_29' title='bbox 1011 764 1213 854; x_wconf 69' lang='grc' dir='ltr'><em>κληρονομίᾳ,</em></span> <span class='ocrx_word' id='word_1_30' title='bbox 1237 766 1395 830; x_wconf 84' lang='grc' dir='ltr'><em>ῦποπτεό·</em></span> 
     </span>
     <span class='ocr_line' id='line_1_5' title="bbox 265 867 1396 956; baseline 0.001 -24"><span class='ocrx_word' id='word_1_31' title='bbox 265 891 323 945; x_wconf 92' lang='grc' dir='ltr'><em>σας</em></span> <span class='ocrx_word' id='word_1_32' title='bbox 344 869 422 934; x_wconf 86' lang='grc' dir='ltr'><em>αῦτδι</em></span> <span class='ocrx_word' id='word_1_33' title='bbox 442 870 640 937; x_wconf 48' lang='lat' dir='ltr'><strong>hereditaria</strong></span> <span class='ocrx_word' id='word_1_34' title='bbox 663 871 739 936; x_wconf 75' lang='grc' dir='ltr'><em>εἷναι</em></span> <span class='ocrx_word' id='word_1_35' title='bbox 767 870 965 956; x_wconf 86' lang='grc' dir='ltr'><em>διεπώλησάς</em></span> <span class='ocrx_word' id='word_1_36' title='bbox 988 869 1075 952; x_wconf 72' lang='grc' dir='ltr'><em>τοτ’)</em></span> <span class='ocrx_word' id='word_1_37' title='bbox 1105 867 1191 934; x_wconf 78' lang='lat' dir='ltr'>bona</span> <span class='ocrx_word' id='word_1_38' title='bbox 1218 867 1282 934; x_wconf 81' lang='lat' dir='ltr'><em>fide</em></span> <span class='ocrx_word' id='word_1_39' title='bbox 1311 871 1396 955; x_wconf 85' lang='grc' dir='ltr'><em>λαμ-</em></span> 
     </span>
     <span class='ocr_line' id='line_1_6' title="bbox 230 969 1394 1061; baseline -0.003 -24"><span class='ocrx_word' id='word_1_40' title='bbox 230 969 391 1054; x_wconf 76' lang='grc' dir='ltr'><em>5βάνοντι</em></span> <span class='ocrx_word' id='word_1_41' title='bbox 413 972 432 1060; x_wconf 77' lang='grc' dir='ltr'><em>ἢ</em></span> <span class='ocrx_word' id='word_1_42' title='bbox 455 973 609 1060; x_wconf 76' lang='grc' dir='ltr'><em>ἐδωρήσω</em></span> <span class='ocrx_word' id='word_1_43' title='bbox 631 973 651 1061; x_wconf 82' lang='grc' dir='ltr'><em>ή</em></span> <span class='ocrx_word' id='word_1_44' title='bbox 673 974 717 1048; x_wconf 85' lang='grc' dir='ltr'><em>είς</em></span> <span class='ocrx_word' id='word_1_45' title='bbox 739 975 850 1058; x_wconf 83' lang='grc' dir='ltr'><em>προῖκα</em></span> <span class='ocrx_word' id='word_1_46' title='bbox 873 971 1107 1055; x_wconf 48' lang='grc' dir='ltr'><em>ἐπιδέδωκαςθ)</em></span> <span class='ocrx_word' id='word_1_47' title='bbox 1141 971 1208 1035; x_wconf 84' lang='grc' dir='ltr'><em>λδοῦ</em></span> <span class='ocrx_word' id='word_1_48' title='bbox 1230 972 1311 1053; x_wconf 53' lang='grc' dir='ltr'><em>καλέ)</em></span> <span class='ocrx_word' id='word_1_49' title='bbox 1334 973 1394 1035; x_wconf 87' lang='grc' dir='ltr'><em>ἀλ-</em></span> 
     </span>
    </p>

    <p class='ocr_par' dir='ltr' id='par_1_4' title="bbox 157 1065 1395 1468">
     <span class='ocr_line' id='line_1_7' title="bbox 157 1065 1395 1162; baseline 0.001 -27"><span class='ocrx_word' id='word_1_50' title='bbox 157 1078 158 1084; x_wconf 75' lang='grc'>’</span> <span class='ocrx_word' id='word_1_51' title='bbox 213 1065 216 1070; x_wconf 55' lang='grc'><strong>’</strong></span> <span class='ocrx_word' id='word_1_52' title='bbox 264 1073 385 1157; x_wconf 90' lang='grc' dir='ltr'><em>λότριον</em></span> <span class='ocrx_word' id='word_1_53' title='bbox 408 1080 534 1161; x_wconf 85' lang='grc' dir='ltr'><em>πρᾶγμα</em></span> <span class='ocrx_word' id='word_1_54' title='bbox 556 1078 605 1140; x_wconf 81' lang='grc' dir='ltr'><em>καί</em></span> <span class='ocrx_word' id='word_1_55' title='bbox 628 1076 713 1162; x_wconf 87' lang='grc' dir='ltr'><em>παρὰ</em></span> <span class='ocrx_word' id='word_1_56' title='bbox 734 1077 861 1161; x_wconf 91' lang='grc' dir='ltr'><em>γνώμην</em></span> <span class='ocrx_word' id='word_1_57' title='bbox 882 1075 1034 1138; x_wconf 78' lang='grc' dir='ltr'><em>δεσπότου</em></span> <span class='ocrx_word' id='word_1_58' title='bbox 1056 1075 1207 1161; x_wconf 71' lang='grc' dir='ltr'><em>βηλαφᾷς</em></span> <span class='ocrx_word' id='word_1_59' title='bbox 1228 1073 1277 1136; x_wconf 78' lang='grc' dir='ltr'><em>καὶ</em></span> <span class='ocrx_word' id='word_1_60' title='bbox 1298 1074 1395 1158; x_wconf 88' lang='grc' dir='ltr'><em>όμως</em></span> 
     </span>
     <span class='ocr_line' id='line_1_8' title="bbox 263 1173 1393 1262; baseline 0.001 -23"><span class='ocrx_word' id='word_1_61' title='bbox 263 1173 404 1240; x_wconf 79' lang='lat' dir='ltr'><strong>ffirtiuon</strong></span> <span class='ocrx_word' id='word_1_62' title='bbox 426 1177 481 1241; x_wconf 82' lang='grc' dir='ltr'><em>οὐκ</em></span> <span class='ocrx_word' id='word_1_63' title='bbox 503 1178 695 1240; x_wconf 83' lang='grc' dir='ltr'><em>ἀποτελεῖται</em></span> <span class='ocrx_word' id='word_1_64' title='bbox 724 1178 758 1239; x_wconf 88' lang='grc' dir='ltr'><em>τὸ</em></span> <span class='ocrx_word' id='word_1_65' title='bbox 788 1180 925 1261; x_wconf 79' lang='grc' dir='ltr'><em>πρᾶγμα,</em></span> <span class='ocrx_word' id='word_1_66' title='bbox 947 1175 1055 1262; x_wconf 76' lang='grc' dir='ltr'><em>ἐπειδὴ</em></span> <span class='ocrx_word' id='word_1_67' title='bbox 1083 1181 1222 1262; x_wconf 86' lang='grc' dir='ltr'><em>πονηρᾶς</em></span> <span class='ocrx_word' id='word_1_68' title='bbox 1250 1175 1393 1262; x_wconf 88' lang='grc' dir='ltr'><em>ἀπήλλα-</em></span> 
     </span>
     <span class='ocr_line' id='line_1_9' title="bbox 264 1277 1391 1366; baseline 0 -26"><span class='ocrx_word' id='word_1_69' title='bbox 264 1301 331 1341; x_wconf 88' lang='grc' dir='ltr'><em>κται</em></span> <span class='ocrx_word' id='word_1_70' title='bbox 345 1277 534 1354; x_wconf 86' lang='grc' dir='ltr'><em>διαθέσεως·</em></span> <span class='ocrx_word' id='word_1_71' title='bbox 557 1279 606 1343; x_wconf 87' lang='grc' dir='ltr'><em>διὸ</em></span> <span class='ocrx_word' id='word_1_72' title='bbox 620 1281 638 1342; x_wconf 87' lang='grc' dir='ltr'><em>ό</em></span> <span class='ocrx_word' id='word_1_73' title='bbox 653 1279 762 1362; x_wconf 83' lang='grc' dir='ltr'><em>λαβὼν</em></span> <span class='ocrx_word' id='word_1_74' title='bbox 783 1279 915 1366; x_wconf 64' lang='grc' dir='ltr'><em>ἀμάχως</em></span> <span class='ocrx_word' id='word_1_75' title='bbox 936 1277 1167 1362; x_wconf 72' lang='lat' dir='ltr'><strong>usucapitet&#39;lsei</strong></span> <span class='ocrx_word' id='word_1_76' title='bbox 1188 1279 1224 1340; x_wconf 92' lang='grc' dir='ltr'><em>τδ</em></span> <span class='ocrx_word' id='word_1_77' title='bbox 1247 1283 1391 1363; x_wconf 77' lang='grc' dir='ltr'><em>πρᾶγμα,</em></span> 
     </span>
     <span class='ocr_line' id='line_1_10' title="bbox 264 1379 1389 1468; baseline 0.001 -23"><span class='ocrx_word' id='word_1_78' title='bbox 264 1381 370 1468; x_wconf 80' lang='grc' dir='ltr'><em>ἐπειδὴ</em></span> <span class='ocrx_word' id='word_1_79' title='bbox 392 1383 441 1445; x_wconf 80' lang='grc' dir='ltr'><em>καὶ</em></span> <span class='ocrx_word' id='word_1_80' title='bbox 463 1381 634 1448; x_wconf 83' lang='lat' dir='ltr'><strong>bonafide</strong></span> <span class='ocrx_word' id='word_1_81' title='bbox 657 1381 781 1466; x_wconf 87' lang='grc' dir='ltr'><em>νέμεται</em></span> <span class='ocrx_word' id='word_1_82' title='bbox 801 1383 850 1444; x_wconf 83' lang='grc' dir='ltr'><em>καὶ</em></span> <span class='ocrx_word' id='word_1_83' title='bbox 872 1382 1059 1468; x_wconf 76' lang='grc' dir='ltr'><em>ἀπήλλακται</em></span> <span class='ocrx_word' id='word_1_84' title='bbox 1085 1379 1166 1445; x_wconf 76' lang='lat' dir='ltr'><strong>uitiu</strong></span> <span class='ocrx_word' id='word_1_85' title='bbox 1189 1382 1224 1444; x_wconf 92' lang='grc' dir='ltr'><em>τδ</em></span> <span class='ocrx_word' id='word_1_86' title='bbox 1247 1386 1389 1466; x_wconf 87' lang='grc' dir='ltr'><em>πρᾶγμα.</em></span> 
     </span>
    </p>

    <p class='ocr_par' dir='ltr' id='par_1_5' title="bbox 214 1483 1426 1980">
     <span class='ocr_line' id='line_1_11' title="bbox 214 1483 1390 1570; baseline 0.002 -26"><span class='ocrx_word' id='word_1_87' title='bbox 214 1483 338 1548; x_wconf 77' lang='grc' dir='ltr'><em>Ιοοόδὲ</em></span> <span class='ocrx_word' id='word_1_88' title='bbox 370 1485 432 1569; x_wconf 86' lang='grc' dir='ltr'><em>γὰρ</em></span> <span class='ocrx_word' id='word_1_89' title='bbox 460 1484 592 1549; x_wconf 87' lang='grc' dir='ltr'><em>δυνατὸν</em></span> <span class='ocrx_word' id='word_1_90' title='bbox 629 1484 724 1547; x_wconf 74' lang='grc' dir='ltr'><em>εἰπεῖν</em></span> <span class='ocrx_word' id='word_1_91' title='bbox 749 1484 865 1569; x_wconf 86' lang='grc' dir='ltr'><em>κλοπήν</em></span> <span class='ocrx_word' id='word_1_92' title='bbox 890 1483 1081 1569; x_wconf 88' lang='grc' dir='ltr'><em>οίμαρτοίνειν</em></span> <span class='ocrx_word' id='word_1_93' title='bbox 1110 1484 1163 1546; x_wconf 89' lang='grc' dir='ltr'><em>τὸν</em></span> <span class='ocrx_word' id='word_1_94' title='bbox 1193 1485 1390 1570; x_wconf 80' lang='grc' dir='ltr'><em>κληρονόμον</em></span> 
     </span>
     <span class='ocr_line' id='line_1_12' title="bbox 264 1581 1426 1673; baseline 0.002 -23"><span class='ocrx_word' id='word_1_95' title='bbox 264 1588 316 1650; x_wconf 86' lang='grc' dir='ltr'><em>τὸν</em></span> <span class='ocrx_word' id='word_1_96' title='bbox 343 1585 428 1651; x_wconf 79' lang='lat' dir='ltr'>bona</span> <span class='ocrx_word' id='word_1_97' title='bbox 452 1585 516 1652; x_wconf 85' lang='lat' dir='ltr'><em>fide</em></span> <span class='ocrx_word' id='word_1_98' title='bbox 546 1587 741 1673; x_wconf 90' lang='grc' dir='ltr'><em>πωλήσοντα.</em></span> <span class='ocrx_word' id='word_1_99' title='bbox 796 1589 826 1650; x_wconf 85' lang='grc'><em>5.</em></span> <span class='ocrx_word' id='word_1_100' title='bbox 854 1581 954 1649; x_wconf 83' lang='grc' dir='ltr'><em>Ἔστιν</em></span> <span class='ocrx_word' id='word_1_101' title='bbox 991 1585 1095 1671; x_wconf 79' lang='grc' dir='ltr'><em>εὑρεῖν</em></span> <span class='ocrx_word' id='word_1_102' title='bbox 1128 1582 1219 1648; x_wconf 84' lang='grc' dir='ltr'><em>τοῦτο</em></span> <span class='ocrx_word' id='word_1_103' title='bbox 1254 1587 1302 1648; x_wconf 83' lang='grc' dir='ltr'><em>καλ</em></span> <span class='ocrx_word' id='word_1_104' title='bbox 1333 1585 1386 1650; x_wconf 79' lang='grc' dir='ltr'><em>ἐπὶ</em></span> <span class='ocrx_word' id='word_1_105' title='bbox 1403 1605 1426 1654; x_wconf 79' lang='lat'><em>5.</em></span> 
     </span>
     <span class='ocr_line' id='line_1_13' title="bbox 262 1679 1387 1775; baseline -0.002 -23"><span class='ocrx_word' id='word_1_106' title='bbox 262 1688 373 1773; x_wconf 83' lang='grc' dir='ltr'><em>ἑτέρου</em></span> <span class='ocrx_word' id='word_1_107' title='bbox 403 1688 548 1773; x_wconf 90' lang='grc' dir='ltr'><em>θέματος.</em></span> <span class='ocrx_word' id='word_1_108' title='bbox 601 1688 819 1774; x_wconf 75' lang='grc' dir='ltr'><em>παρεχώρησά</em></span> <span class='ocrx_word' id='word_1_109' title='bbox 844 1711 891 1751; x_wconf 91' lang='grc' dir='ltr'><em>σοι</em></span> <span class='ocrx_word' id='word_1_110' title='bbox 919 1691 974 1774; x_wconf 79' lang='grc' dir='ltr'><em>τῆς</em></span> <span class='ocrx_word' id='word_1_111' title='bbox 1001 1679 1077 1775; x_wconf 80' lang='grc' dir='ltr'><em>ἑμής</em></span> <span class='ocrx_word' id='word_1_112' title='bbox 1105 1685 1301 1774; x_wconf 83' lang='grc' dir='ltr'><em>θεραπαίνης</em></span> <span class='ocrx_word' id='word_1_113' title='bbox 1329 1689 1387 1751; x_wconf 86' lang='grc' dir='ltr'><em>τὸν</em></span> 
     </span>
     <span class='ocr_line' id='line_1_14' title="bbox 264 1788 1388 1877; baseline -0.001 -24"><span class='ocrx_word' id='word_1_114' title='bbox 264 1789 458 1854; x_wconf 76' lang='lat' dir='ltr'><strong>usfifructon.</strong></span> <span class='ocrx_word' id='word_1_115' title='bbox 496 1789 674 1856; x_wconf 74' lang='lat' dir='ltr'>usfifructos</span> <span class='ocrx_word' id='word_1_116' title='bbox 696 1789 733 1870; x_wconf 84' lang='grc' dir='ltr'><em>δὲ</em></span> <span class='ocrx_word' id='word_1_117' title='bbox 755 1789 950 1876; x_wconf 81' lang='grc' dir='ltr'><em>θεραπαίνης</em></span> <span class='ocrx_word' id='word_1_118' title='bbox 972 1788 1052 1853; x_wconf 78' lang='grc' dir='ltr'><em>ἐστὶν</em></span> <span class='ocrx_word' id='word_1_119' title='bbox 1073 1790 1094 1876; x_wconf 85' lang='grc' dir='ltr'><em>ή</em></span> <span class='ocrx_word' id='word_1_120' title='bbox 1116 1791 1177 1852; x_wconf 84' lang='grc' dir='ltr'><em>ἀπὸ</em></span> <span class='ocrx_word' id='word_1_121' title='bbox 1200 1795 1256 1876; x_wconf 80' lang='grc' dir='ltr'><em>τῆς</em></span> <span class='ocrx_word' id='word_1_122' title='bbox 1269 1791 1388 1877; x_wconf 81' lang='grc' dir='ltr'><em>χειρὸς</em></span> 
     </span>
     <span class='ocr_line' id='line_1_15' title="bbox 265 1891 1388 1980; baseline 0.001 -25"><span class='ocrx_word' id='word_1_123' title='bbox 265 1891 394 1978; x_wconf 89' lang='grc' dir='ltr'><em>ἐργασία</em></span> <span class='ocrx_word' id='word_1_124' title='bbox 417 1895 465 1956; x_wconf 77' lang='grc' dir='ltr'><em>καί</em></span> <span class='ocrx_word' id='word_1_125' title='bbox 486 1894 536 1980; x_wconf 58' lang='grc' dir='ltr'><em>ήῡ)</em></span> <span class='ocrx_word' id='word_1_126' title='bbox 559 1893 710 1978; x_wconf 87' lang='grc' dir='ltr'><em>όπερησία</em></span> <span class='ocrx_word' id='word_1_127' title='bbox 731 1891 867 1978; x_wconf 54' lang='grc' dir='ltr'><em>αότήςθ)</em></span> <span class='ocrx_word' id='word_1_128' title='bbox 911 1893 1033 1956; x_wconf 80' lang='grc' dir='ltr'><em>τέτοκεν</em></span> <span class='ocrx_word' id='word_1_129' title='bbox 1056 1891 1134 1978; x_wconf 86' lang='grc' dir='ltr'><em>αῦτη</em></span> <span class='ocrx_word' id='word_1_130' title='bbox 1158 1893 1248 1975; x_wconf 87' lang='grc' dir='ltr'><em>πυροί</em></span> <span class='ocrx_word' id='word_1_131' title='bbox 1268 1917 1314 1956; x_wconf 91' lang='grc' dir='ltr'><em>σοι</em></span> <span class='ocrx_word' id='word_1_132' title='bbox 1335 1895 1388 1956; x_wconf 80' lang='grc' dir='ltr'><em>καὶ</em></span> 
     </span>
    </p>

    <p class='ocr_par' dir='ltr' id='par_1_6' title="bbox 216 1993 1386 2186">
     <span class='ocr_line' id='line_1_16' title="bbox 216 1993 1386 2081; baseline 0.002 -26"><span class='ocrx_word' id='word_1_133' title='bbox 216 2005 247 2055; x_wconf 82' lang='lat'><em>15</em></span> <span class='ocrx_word' id='word_1_134' title='bbox 265 1993 359 2081; x_wconf 78' lang='grc' dir='ltr'><em>δῆλον</em></span> <span class='ocrx_word' id='word_1_135' title='bbox 381 1997 426 2059; x_wconf 84' lang='grc' dir='ltr'><em>ότι</em></span> <span class='ocrx_word' id='word_1_136' title='bbox 449 1997 465 2060; x_wconf 84' lang='grc' dir='ltr'><em>δ</em></span> <span class='ocrx_word' id='word_1_137' title='bbox 487 1993 614 2072; x_wconf 87' lang='grc' dir='ltr'><em>τοκετὸς</em></span> <span class='ocrx_word' id='word_1_138' title='bbox 636 1995 703 2078; x_wconf 79' lang='grc' dir='ltr'><em>ἐμοὶ</em></span> <span class='ocrx_word' id='word_1_139' title='bbox 724 1993 854 2080; x_wconf 86' lang='grc' dir='ltr'><em>διέφερε</em></span> <span class='ocrx_word' id='word_1_140' title='bbox 884 1999 928 2081; x_wconf 83' lang='grc' dir='ltr'><em>τῷ</em></span> <span class='ocrx_word' id='word_1_141' title='bbox 956 1994 1208 2080; x_wconf 60' lang='grc' dir='ltr'><em>ρτορτίθίατίῳί)</em></span> <span class='ocrx_word' id='word_1_142' title='bbox 1237 1995 1318 2059; x_wconf 88' lang='grc' dir='ltr'><em>κατὰ</em></span> <span class='ocrx_word' id='word_1_143' title='bbox 1346 1995 1386 2058; x_wconf 82' lang='grc' dir='ltr'><em>τὰ</em></span> 
     </span>
     <span class='ocr_line' id='line_1_17' title="bbox 254 2098 1386 2186; baseline -0.002 -25"><span class='ocrx_word' id='word_1_144' title='bbox 254 2098 475 2186; x_wconf 86' lang='grc' dir='ltr'><em>προειρημένα</em></span> <span class='ocrx_word' id='word_1_145' title='bbox 497 2098 624 2185; x_wconf 83' lang='grc' dir='ltr'><em>ήμῖν.έν</em></span> <span class='ocrx_word' id='word_1_146' title='bbox 646 2101 709 2174; x_wconf 82' lang='grc' dir='ltr'><em>τοῖς</em></span> <span class='ocrx_word' id='word_1_147' title='bbox 732 2099 950 2184; x_wconf 83' lang='grc' dir='ltr'><em>προλαβοῦσα.</em></span> <span class='ocrx_word' id='word_1_148' title='bbox 996 2098 1152 2184; x_wconf 60' lang='grc' dir='ltr'><em>νομίσαςθ)</em></span> <span class='ocrx_word' id='word_1_149' title='bbox 1181 2101 1232 2162; x_wconf 87' lang='grc' dir='ltr'><em>τὸν</em></span> <span class='ocrx_word' id='word_1_150' title='bbox 1260 2098 1386 2162; x_wconf 87' lang='grc' dir='ltr'><em>τοκετδν</em></span> 
     </span>
    </p>

    <p class='ocr_par' dir='ltr' id='par_1_7' title="bbox 153 2199 1387 2493">
     <span class='ocr_line' id='line_1_18' title="bbox 153 2199 1387 2289; baseline 0.003 -30"><span class='ocrx_word' id='word_1_151' title='bbox 153 2255 155 2259; x_wconf 88' lang='grc'><em>.</em></span> <span class='ocrx_word' id='word_1_152' title='bbox 262 2205 320 2287; x_wconf 81' lang='grc' dir='ltr'><em>τῆς</em></span> <span class='ocrx_word' id='word_1_153' title='bbox 356 2201 550 2289; x_wconf 90' lang='grc' dir='ltr'><em>θεραπαίνης</em></span> <span class='ocrx_word' id='word_1_154' title='bbox 586 2202 748 2288; x_wconf 86' lang='grc' dir='ltr'><em>διαφέρειν</em></span> <span class='ocrx_word' id='word_1_155' title='bbox 788 2225 834 2266; x_wconf 92' lang='grc' dir='ltr'><em>σοι</em></span> <span class='ocrx_word' id='word_1_156' title='bbox 874 2208 918 2287; x_wconf 80' lang='grc' dir='ltr'><em>τῷ</em></span> <span class='ocrx_word' id='word_1_157' title='bbox 950 2199 1189 2284; x_wconf 69' lang='grc' dir='ltr'><em>αευίταοτυαιίῳ</em></span> <span class='ocrx_word' id='word_1_158' title='bbox 1220 2199 1387 2286; x_wconf 88' lang='grc' dir='ltr'><em>ἐπώλησας</em></span> 
     </span>
     <span class='ocr_line' id='line_1_19' title="bbox 264 2301 1387 2392; baseline 0 -26"><span class='ocrx_word' id='word_1_159' title='bbox 264 2301 355 2367; x_wconf 84' lang='grc' dir='ltr'><em>τοῦτο</em></span> <span class='ocrx_word' id='word_1_160' title='bbox 388 2302 407 2389; x_wconf 81' lang='grc' dir='ltr'><em>ή</em></span> <span class='ocrx_word' id='word_1_161' title='bbox 441 2303 606 2392; x_wconf 76' lang='grc' dir='ltr'><em>ἐδωρήσω.</em></span> <span class='ocrx_word' id='word_1_162' title='bbox 661 2305 727 2370; x_wconf 82' lang='grc' dir='ltr'><em>ἷδοὺ</em></span> <span class='ocrx_word' id='word_1_163' title='bbox 761 2303 920 2369; x_wconf 89' lang='grc' dir='ltr'><em>κάνταῦθα</em></span> <span class='ocrx_word' id='word_1_164' title='bbox 960 2305 1045 2388; x_wconf 85' lang='grc' dir='ltr'><em>παρὰ</em></span> <span class='ocrx_word' id='word_1_165' title='bbox 1078 2304 1205 2388; x_wconf 91' lang='grc' dir='ltr'><em>γνώμην</em></span> <span class='ocrx_word' id='word_1_166' title='bbox 1238 2301 1387 2388; x_wconf 86' lang='grc' dir='ltr'><em>ἐποίησας</em></span> 
     </span>
     <span class='ocr_line' id='line_1_20' title="bbox 265 2402 1383 2493; baseline -0.004 -23"><span class='ocrx_word' id='word_1_167' title='bbox 265 2406 416 2470; x_wconf 88' lang='grc' dir='ltr'><em>δεσπότου</em></span> <span class='ocrx_word' id='word_1_168' title='bbox 438 2407 487 2470; x_wconf 80' lang='grc' dir='ltr'><em>καὶ</em></span> <span class='ocrx_word' id='word_1_169' title='bbox 509 2407 560 2470; x_wconf 89' lang='grc' dir='ltr'><em>διὰ</em></span> <span class='ocrx_word' id='word_1_170' title='bbox 581 2408 648 2490; x_wconf 59' lang='grc' dir='ltr'><em>τὸδ)</em></span> <span class='ocrx_word' id='word_1_171' title='bbox 677 2407 845 2491; x_wconf 86' lang='grc' dir='ltr'><em>ἐλεύθερόν</em></span> <span class='ocrx_word' id='word_1_172' title='bbox 875 2429 910 2470; x_wconf 88' lang='grc' dir='ltr'><em>σε</em></span> <span class='ocrx_word' id='word_1_173' title='bbox 940 2404 1015 2469; x_wconf 86' lang='grc' dir='ltr'><em>ελναι</em></span> <span class='ocrx_word' id='word_1_174' title='bbox 1043 2410 1182 2493; x_wconf 86' lang='grc' dir='ltr'><em>πονηρᾶς</em></span> <span class='ocrx_word' id='word_1_175' title='bbox 1210 2402 1383 2479; x_wconf 86' lang='grc' dir='ltr'><em>διαθέσεως</em></span> 
     </span>
    </p>

    <p class='ocr_par' dir='ltr' id='par_1_8' title="bbox 212 2507 1420 3004">
     <span class='ocr_line' id='line_1_21' title="bbox 212 2507 1381 2596; baseline -0.001 -25"><span class='ocrx_word' id='word_1_176' title='bbox 212 2513 247 2565; x_wconf 70' lang='grc' dir='ltr'><em>ῦθ</em></span> <span class='ocrx_word' id='word_1_177' title='bbox 264 2509 319 2596; x_wconf 78' lang='grc' dir='ltr'><em>οὐχ</em></span> <span class='ocrx_word' id='word_1_178' title='bbox 355 2510 566 2594; x_wconf 79' lang='grc' dir='ltr'><em>ἁμαρτάνεται</em></span> <span class='ocrx_word' id='word_1_179' title='bbox 598 2511 694 2596; x_wconf 80' lang='grc' dir='ltr'><em>κλοπή</em></span> <span class='ocrx_word' id='word_1_180' title='bbox 730 2508 782 2572; x_wconf 84' lang='grc' dir='ltr'><em>διὰ</em></span> <span class='ocrx_word' id='word_1_181' title='bbox 818 2511 872 2572; x_wconf 91' lang='grc' dir='ltr'><em>τοῦ</em></span> <span class='ocrx_word' id='word_1_182' title='bbox 909 2508 1087 2590; x_wconf 88' lang='grc' dir='ltr'><em>γενομένου.</em></span> <span class='ocrx_word' id='word_1_183' title='bbox 1145 2507 1282 2571; x_wconf 83' lang='grc' dir='ltr'><em>καθόλου</em></span> <span class='ocrx_word' id='word_1_184' title='bbox 1323 2507 1381 2591; x_wconf 84' lang='grc' dir='ltr'><em>γὰρ</em></span> 
     </span>
     <span class='ocr_line' id='line_1_22' title="bbox 264 2607 1382 2698; baseline -0.003 -24"><span class='ocrx_word' id='word_1_185' title='bbox 264 2609 398 2695; x_wconf 85' lang='grc' dir='ltr'><em>όφείλεις</em></span> <span class='ocrx_word' id='word_1_186' title='bbox 440 2610 554 2674; x_wconf 78' lang='grc' dir='ltr'><em>εἰδέναι</em></span> <span class='ocrx_word' id='word_1_187' title='bbox 596 2612 709 2698; x_wconf 82' lang='grc' dir='ltr'><em>κλοπήν</em></span> <span class='ocrx_word' id='word_1_188' title='bbox 758 2609 829 2698; x_wconf 64' lang='grc' dir='ltr'><em>δήηα</em></span> <span class='ocrx_word' id='word_1_189' title='bbox 871 2609 1013 2696; x_wconf 86' lang='grc' dir='ltr'><em>κακίστης</em></span> <span class='ocrx_word' id='word_1_190' title='bbox 1063 2607 1240 2683; x_wconf 86' lang='grc' dir='ltr'><em>διαθέσεως</em></span> <span class='ocrx_word' id='word_1_191' title='bbox 1288 2608 1382 2695; x_wconf 87' lang='grc' dir='ltr'><em>μηδέ-</em></span> 
     </span>
     <span class='ocr_line' id='line_1_23' title="bbox 266 2710 1381 2797; baseline 0.001 -23"><span class='ocrx_word' id='word_1_192' title='bbox 266 2733 340 2775; x_wconf 87' lang='grc' dir='ltr'><em>ποτε</em></span> <span class='ocrx_word' id='word_1_193' title='bbox 378 2711 623 2797; x_wconf 83' lang='grc' dir='ltr'><em>ἀμαρτόνεσθοι.</em></span> <span class='ocrx_word' id='word_1_194' title='bbox 685 2711 833 2777; x_wconf 80' lang='lat' dir='ltr'><strong>furtum</strong></span> <span class='ocrx_word' id='word_1_195' title='bbox 873 2711 978 2776; x_wconf 83' lang='lat' dir='ltr'><strong>enim·</strong></span> <span class='ocrx_word' id='word_1_196' title='bbox 1014 2711 1098 2776; x_wconf 80' lang='lat' dir='ltr'>sine</span> <span class='ocrx_word' id='word_1_197' title='bbox 1130 2710 1287 2776; x_wconf 74' lang='lat' dir='ltr'><strong>affectu</strong></span> <span class='ocrx_word' id='word_1_198' title='bbox 1324 2710 1381 2775; x_wconf 80' lang='lat' dir='ltr'><em>fu·</em></span> 
     </span>
     <span class='ocr_line' id='line_1_24' title="bbox 255 2813 1420 2898; baseline 0.001 -19"><span class='ocrx_word' id='word_1_199' title='bbox 255 2813 382 2879; x_wconf 48' lang='lat' dir='ltr'><em>¹randi</em></span> <span class='ocrx_word' id='word_1_200' title='bbox 403 2834 478 2879; x_wconf 89' lang='lat' dir='ltr'><em>non</em></span> <span class='ocrx_word' id='word_1_201' title='bbox 500 2814 824 2897; x_wconf 76' lang='lat' dir='ltr'><strong>committitur.¹⁰)</strong></span> <span class='ocrx_word' id='word_1_202' title='bbox 847 2816 877 2879; x_wconf 89' lang='lat'><em>6.</em></span> <span class='ocrx_word' id='word_1_203' title='bbox 900 2814 959 2878; x_wconf 77' lang='grc' dir='ltr'><em>Καὶ</em></span> <span class='ocrx_word' id='word_1_204' title='bbox 974 2813 1108 2898; x_wconf 77' lang='grc' dir='ltr'><em>ἐγὼμὲν</em></span> <span class='ocrx_word' id='word_1_205' title='bbox 1130 2813 1312 2896; x_wconf 62' lang='grc' dir='ltr'><em>δλίγιστοίῑῑ)</em></span> <span class='ocrx_word' id='word_1_206' title='bbox 1335 2837 1381 2876; x_wconf 90' lang='grc' dir='ltr'><em>σα</em></span> <span class='ocrx_word' id='word_1_207' title='bbox 1397 2826 1420 2882; x_wconf 79' lang='grc'><em>6.</em></span> 
     </span>
     <span class='ocr_line' id='line_1_25' title="bbox 265 2915 1384 3004; baseline 0 -23"><span class='ocrx_word' id='word_1_208' title='bbox 265 2915 350 2982; x_wconf 85' lang='grc' dir='ltr'><em>ελπον</em></span> <span class='ocrx_word' id='word_1_209' title='bbox 373 2915 505 3001; x_wconf 86' lang='grc' dir='ltr'><em>θέματα,</em></span> <span class='ocrx_word' id='word_1_210' title='bbox 525 2919 545 3004; x_wconf 85' lang='grc' dir='ltr'><em>ή</em></span> <span class='ocrx_word' id='word_1_211' title='bbox 568 2917 605 2982; x_wconf 86' lang='grc' dir='ltr'><em>δέ</em></span> <span class='ocrx_word' id='word_1_212' title='bbox 626 2923 688 2980; x_wconf 83' lang='grc' dir='ltr'><em>τῶν</em></span> <span class='ocrx_word' id='word_1_213' title='bbox 712 2918 902 3002; x_wconf 81' lang='grc' dir='ltr'><em>πραγμάτων</em></span> <span class='ocrx_word' id='word_1_214' title='bbox 931 2915 1107 3000; x_wconf 89' lang='grc' dir='ltr'><em>περίστασις</em></span> <span class='ocrx_word' id='word_1_215' title='bbox 1134 2915 1266 2980; x_wconf 85' lang='grc' dir='ltr'><em>ἐπινοεῖν</em></span> <span class='ocrx_word' id='word_1_216' title='bbox 1294 2917 1384 2981; x_wconf 89' lang='grc' dir='ltr'><em>δόνα-</em></span> 
     </span>
    </p>

    <p class='ocr_par' dir='ltr' id='par_1_9' title="bbox 213 3017 1418 3517">
     <span class='ocr_line' id='line_1_26' title="bbox 213 3017 1382 3107; baseline -0.002 -23"><span class='ocrx_word' id='word_1_217' title='bbox 213 3038 246 3089; x_wconf 76' lang='lat'><em>25</em></span> <span class='ocrx_word' id='word_1_218' title='bbox 266 3045 314 3084; x_wconf 90' lang='grc' dir='ltr'><em>ται</em></span> <span class='ocrx_word' id='word_1_219' title='bbox 342 3018 504 3104; x_wconf 79' lang='grc' dir='ltr'><em>πάμπολλα</em></span> <span class='ocrx_word' id='word_1_220' title='bbox 532 3019 566 3084; x_wconf 97' lang='grc' dir='ltr'><em>ἐν</em></span> <span class='ocrx_word' id='word_1_221' title='bbox 595 3021 641 3097; x_wconf 84' lang='grc' dir='ltr'><em>οἷς</em></span> <span class='ocrx_word' id='word_1_222' title='bbox 673 3018 878 3107; x_wconf 85' lang='grc' dir='ltr'><em>εὑρεθήσεται</em></span> <span class='ocrx_word' id='word_1_223' title='bbox 912 3020 946 3082; x_wconf 86' lang='grc' dir='ltr'><em>τὸ</em></span> <span class='ocrx_word' id='word_1_224' title='bbox 981 3018 1141 3103; x_wconf 90' lang='grc' dir='ltr'><em>ἀλλότριόν</em></span> <span class='ocrx_word' id='word_1_225' title='bbox 1174 3038 1219 3091; x_wconf 89' lang='grc' dir='ltr'><em>τις</em></span> <span class='ocrx_word' id='word_1_226' title='bbox 1251 3017 1382 3083; x_wconf 85' lang='grc' dir='ltr'><em>ἐκποιῶν</em></span> 
     </span>
     <span class='ocr_line' id='line_1_27' title="bbox 265 3109 1418 3207; baseline -0.003 -20"><span class='ocrx_word' id='word_1_227' title='bbox 265 3122 350 3207; x_wconf 86' lang='grc' dir='ltr'><em>παρὰ</em></span> <span class='ocrx_word' id='word_1_228' title='bbox 377 3123 502 3207; x_wconf 85' lang='grc' dir='ltr'><em>γνώμην</em></span> <span class='ocrx_word' id='word_1_229' title='bbox 532 3120 685 3187; x_wconf 89' lang='grc' dir='ltr'><em>δεσπότου</em></span> <span class='ocrx_word' id='word_1_230' title='bbox 712 3125 761 3186; x_wconf 80' lang='grc' dir='ltr'><em>καί</em></span> <span class='ocrx_word' id='word_1_231' title='bbox 791 3121 931 3187; x_wconf 78' lang='lat' dir='ltr'><strong>ffirtiuon</strong></span> <span class='ocrx_word' id='word_1_232' title='bbox 960 3122 1034 3184; x_wconf 83' lang='grc' dir='ltr'><em>αὐτὸ</em></span> <span class='ocrx_word' id='word_1_233' title='bbox 1060 3122 1104 3207; x_wconf 79' lang='grc' dir='ltr'><em>μή</em></span> <span class='ocrx_word' id='word_1_234' title='bbox 1133 3109 1306 3184; x_wconf 81' lang='grc' dir='ltr'><em>ἀποτελῶν.</em></span> <span class='ocrx_word' id='word_1_235' title='bbox 1352 3123 1380 3184; x_wconf 80' lang='lat'><em>7.</em></span> <span class='ocrx_word' id='word_1_236' title='bbox 1397 3153 1418 3204; x_wconf 53' lang='grc' dir='ltr'><em>η,</em></span> 
     </span>
     <span class='ocr_line' id='line_1_28' title="bbox 269 3221 1383 3309; baseline -0.002 -21"><span class='ocrx_word' id='word_1_237' title='bbox 269 3223 368 3288; x_wconf 85' lang='grc' dir='ltr'><em>Ταῦτα</em></span> <span class='ocrx_word' id='word_1_238' title='bbox 388 3225 447 3308; x_wconf 81' lang='grc' dir='ltr'><em>μὲν</em></span> <span class='ocrx_word' id='word_1_239' title='bbox 469 3227 540 3308; x_wconf 81' lang='grc' dir='ltr'><em>περὶ</em></span> <span class='ocrx_word' id='word_1_240' title='bbox 562 3231 622 3289; x_wconf 84' lang='grc' dir='ltr'><em>τῶν</em></span> <span class='ocrx_word' id='word_1_241' title='bbox 645 3225 802 3290; x_wconf 70' lang='lat' dir='ltr'><strong>furtiuum.</strong></span> <span class='ocrx_word' id='word_1_242' title='bbox 857 3226 892 3288; x_wconf 86' lang='grc' dir='ltr'><em>τὸ</em></span> <span class='ocrx_word' id='word_1_243' title='bbox 919 3225 956 3288; x_wconf 86' lang='grc' dir='ltr'><em>δὲ</em></span> <span class='ocrx_word' id='word_1_244' title='bbox 981 3223 1016 3287; x_wconf 89' lang='lat' dir='ltr'><em>ui</em></span> <span class='ocrx_word' id='word_1_245' title='bbox 1043 3221 1211 3306; x_wconf 84' lang='lat' dir='ltr'><strong>p6ssesson</strong></span> <span class='ocrx_word' id='word_1_246' title='bbox 1240 3223 1303 3286; x_wconf 83' lang='grc' dir='ltr'><em>ἀπὸ</em></span> <span class='ocrx_word' id='word_1_247' title='bbox 1331 3227 1383 3309; x_wconf 76' lang='grc' dir='ltr'><em>τῆς</em></span> 
     </span>
     <span class='ocr_line' id='line_1_29' title="bbox 264 3323 1380 3414; baseline -0.001 -25"><span class='ocrx_word' id='word_1_248' title='bbox 264 3325 297 3389; x_wconf 88' lang='grc' dir='ltr'><em>ἐν</em></span> <span class='ocrx_word' id='word_1_249' title='bbox 320 3325 405 3412; x_wconf 86' lang='grc' dir='ltr'><em>έργῳ</em></span> <span class='ocrx_word' id='word_1_250' title='bbox 426 3327 562 3414; x_wconf 89' lang='grc' dir='ltr'><em>κρίνεται</em></span> <span class='ocrx_word' id='word_1_251' title='bbox 582 3327 656 3410; x_wconf 89' lang='grc' dir='ltr'><em>βίας</em></span> <span class='ocrx_word' id='word_1_252' title='bbox 677 3329 730 3391; x_wconf 89' lang='grc' dir='ltr'><em>ότε</em></span> <span class='ocrx_word' id='word_1_253' title='bbox 751 3350 797 3404; x_wconf 89' lang='grc' dir='ltr'><em>τις</em></span> <span class='ocrx_word' id='word_1_254' title='bbox 826 3325 968 3391; x_wconf 91' lang='grc' dir='ltr'><em>ἐπελθών</em></span> <span class='ocrx_word' id='word_1_255' title='bbox 995 3350 1049 3411; x_wconf 91' lang='grc' dir='ltr'><em>μοι</em></span> <span class='ocrx_word' id='word_1_256' title='bbox 1076 3325 1134 3412; x_wconf 84' lang='grc' dir='ltr'><em>βίᾳ</em></span> <span class='ocrx_word' id='word_1_257' title='bbox 1161 3347 1203 3410; x_wconf 86' lang='grc' dir='ltr'><em>με</em></span> <span class='ocrx_word' id='word_1_258' title='bbox 1232 3323 1380 3412; x_wconf 77' lang='grc' dir='ltr'><em>ἐξωθήση</em></span> 
     </span>
     <span class='ocr_line' id='line_1_30' title="bbox 264 3426 1382 3517; baseline -0.001 -27"><span class='ocrx_word' id='word_1_259' title='bbox 264 3431 319 3491; x_wconf 92' lang='grc' dir='ltr'><em>τοῦ</em></span> <span class='ocrx_word' id='word_1_260' title='bbox 341 3426 418 3512; x_wconf 83' lang='grc' dir='ltr'><em>ἐμοῦ</em></span> <span class='ocrx_word' id='word_1_261' title='bbox 440 3429 539 3514; x_wconf 83' lang='grc' dir='ltr'><em>ἀγροῦ</em></span> <span class='ocrx_word' id='word_1_262' title='bbox 562 3428 582 3516; x_wconf 82' lang='grc' dir='ltr'><em>ή</em></span> <span class='ocrx_word' id='word_1_263' title='bbox 609 3434 664 3517; x_wconf 75' lang='grc' dir='ltr'><em>τῆς</em></span> <span class='ocrx_word' id='word_1_264' title='bbox 692 3430 815 3517; x_wconf 59' lang='grc' dir='ltr'><em>ἐμήςθ)</em></span> <span class='ocrx_word' id='word_1_265' title='bbox 844 3429 948 3504; x_wconf 80' lang='grc' dir='ltr'><em>οἰκίας.</em></span> <span class='ocrx_word' id='word_1_266' title='bbox 996 3431 1032 3492; x_wconf 87' lang='grc' dir='ltr'><em>τὸ</em></span> <span class='ocrx_word' id='word_1_267' title='bbox 1062 3429 1122 3514; x_wconf 88' lang='grc' dir='ltr'><em>γὰρ</em></span> <span class='ocrx_word' id='word_1_268' title='bbox 1151 3427 1292 3493; x_wconf 74' lang='lat' dir='ltr'>ft&#39;lrtiuon</span> <span class='ocrx_word' id='word_1_269' title='bbox 1323 3428 1382 3492; x_wconf 87' lang='grc' dir='ltr'><em>ἀπὸ</em></span> 
     </span>
    </p>
   </div>
   <div class='ocr_carea' id='block_1_4' title="bbox 199 3647 1381 4217">
    <p class='ocr_par' dir='ltr' id='par_1_10' title="bbox 264 3647 1381 3892">
     <span class='ocr_line' id='line_1_31' title="bbox 331 3647 1381 3719; baseline -0.002 -18"><span class='ocrx_word' id='word_1_270' title='bbox 331 3651 354 3717; x_wconf 87' lang='grc'><em>1)</em></span> <span class='ocrx_word' id='word_1_271' title='bbox 372 3649 406 3702; x_wconf 84' lang='grc' dir='ltr'><em>σὺ</em></span> <span class='ocrx_word' id='word_1_272' title='bbox 424 3649 455 3703; x_wconf 84' lang='lat' dir='ltr'><em>F.</em></span> <span class='ocrx_word' id='word_1_273' title='bbox 565 3649 589 3716; x_wconf 78' lang='lat'><em>¹)</em></span> <span class='ocrx_word' id='word_1_274' title='bbox 606 3649 645 3704; x_wconf 88' lang='grc' dir='ltr'><em>Μ.</em></span> <span class='ocrx_word' id='word_1_275' title='bbox 663 3652 685 3704; x_wconf 63' lang='grc' dir='ltr'><em>τ’</em></span> <span class='ocrx_word' id='word_1_276' title='bbox 702 3649 729 3704; x_wconf 86' lang='lat' dir='ltr'><em>h.</em></span> <span class='ocrx_word' id='word_1_277' title='bbox 747 3665 770 3704; x_wconf 79' lang='grc' dir='ltr'><em>ο.</em></span> <span class='ocrx_word' id='word_1_278' title='bbox 788 3653 827 3719; x_wconf 74' lang='grc' dir='ltr'><em>τῷ</em></span> <span class='ocrx_word' id='word_1_279' title='bbox 845 3648 999 3704; x_wconf 80' lang='lat' dir='ltr'><strong>Besohreib.</strong></span> <span class='ocrx_word' id='word_1_280' title='bbox 1015 3648 1033 3702; x_wconf 77' lang='lat' dir='ltr'><em>f.</em></span> <span class='ocrx_word' id='word_1_281' title='bbox 1054 3651 1117 3702; x_wconf 69' lang='lat'><strong>109..</strong></span> <span class='ocrx_word' id='word_1_282' title='bbox 1240 3649 1264 3715; x_wconf 78' lang='lat'><em>³)</em></span> <span class='ocrx_word' id='word_1_283' title='bbox 1282 3647 1381 3700; x_wconf 73' lang='grc' dir='ltr'><em>ἐπέδα·</em></span> 
     </span>
     <span class='ocr_line' id='line_1_32' title="bbox 264 3727 1378 3804; baseline -0.001 -19"><span class='ocrx_word' id='word_1_284' title='bbox 264 3750 312 3793; x_wconf 75' lang='grc' dir='ltr'><em>κατ</em></span> <span class='ocrx_word' id='word_1_285' title='bbox 330 3733 371 3788; x_wconf 85' lang='lat' dir='ltr'><em>vi.</em></span> <span class='ocrx_word' id='word_1_286' title='bbox 389 3733 421 3789; x_wconf 88' lang='lat' dir='ltr'><em>R.</em></span> <span class='ocrx_word' id='word_1_287' title='bbox 479 3727 480 3730; x_wconf 28' lang='lat'>¹</span> <span class='ocrx_word' id='word_1_288' title='bbox 528 3734 552 3801; x_wconf 83' lang='lat'><em>⁴)</em></span> <span class='ocrx_word' id='word_1_289' title='bbox 570 3734 595 3788; x_wconf 85' lang='lat' dir='ltr'><em>d.</em></span> <span class='ocrx_word' id='word_1_290' title='bbox 613 3734 656 3792; x_wconf 83' lang='lat' dir='ltr'><em>Vi.</em></span> <span class='ocrx_word' id='word_1_291' title='bbox 674 3735 708 3790; x_wconf 90' lang='lat' dir='ltr'><em>R.</em></span> <span class='ocrx_word' id='word_1_292' title='bbox 827 3734 947 3802; x_wconf 75' lang='grc' dir='ltr'><strong>1)(1.Μ.</strong></span> <span class='ocrx_word' id='word_1_293' title='bbox 1067 3733 1194 3804; x_wconf 73' lang='grc' dir='ltr'><em>1)αδτῆς</em></span> <span class='ocrx_word' id='word_1_294' title='bbox 1212 3733 1256 3786; x_wconf 84' lang='grc' dir='ltr'><em>όπ.</em></span> <span class='ocrx_word' id='word_1_295' title='bbox 1274 3732 1305 3787; x_wconf 82' lang='lat' dir='ltr'><em>F.</em></span> <span class='ocrx_word' id='word_1_296' title='bbox 1323 3733 1378 3802; x_wconf 77' lang='grc' dir='ltr'><em>λμγ.</em></span> 
     </span>
     <span class='ocr_line' id='line_1_33' title="bbox 264 3817 1377 3892; baseline 0.002 -22"><span class='ocrx_word' id='word_1_297' title='bbox 264 3818 323 3872; x_wconf 84' lang='grc' dir='ltr'><em>αάτ.</em></span> <span class='ocrx_word' id='word_1_298' title='bbox 342 3819 385 3870; x_wconf 76' lang='grc' dir='ltr'><em>καί</em></span> <span class='ocrx_word' id='word_1_299' title='bbox 401 3817 419 3887; x_wconf 82' lang='grc' dir='ltr'><em>ι)</em></span> <span class='ocrx_word' id='word_1_300' title='bbox 437 3817 481 3874; x_wconf 85' lang='grc' dir='ltr'><em>ῦπ.</em></span> <span class='ocrx_word' id='word_1_301' title='bbox 499 3818 541 3873; x_wconf 85' lang='lat' dir='ltr'><em>vi.</em></span> <span class='ocrx_word' id='word_1_302' title='bbox 559 3819 592 3874; x_wconf 88' lang='lat' dir='ltr'><em>R.</em></span> <span class='ocrx_word' id='word_1_303' title='bbox 705 3820 728 3888; x_wconf 68' lang='grc' dir='ltr'><em>ί)</em></span> <span class='ocrx_word' id='word_1_304' title='bbox 745 3823 785 3891; x_wconf 76' lang='grc' dir='ltr'><em>τῷ</em></span> <span class='ocrx_word' id='word_1_305' title='bbox 804 3820 922 3892; x_wconf 84' lang='grc' dir='ltr'><em>δεσπότη</em></span> <span class='ocrx_word' id='word_1_306' title='bbox 940 3821 1008 3887; x_wconf 82' lang='grc' dir='ltr'><em>διεφ.</em></span> <span class='ocrx_word' id='word_1_307' title='bbox 1028 3819 1070 3873; x_wconf 84' lang='lat' dir='ltr'><em>vi.</em></span> <span class='ocrx_word' id='word_1_308' title='bbox 1088 3819 1121 3873; x_wconf 88' lang='lat' dir='ltr'><em>R.</em></span> <span class='ocrx_word' id='word_1_309' title='bbox 1246 3819 1270 3887; x_wconf 81' lang='lat'><em>⁸)</em></span> <span class='ocrx_word' id='word_1_310' title='bbox 1289 3818 1336 3872; x_wconf 82' lang='grc' dir='ltr'><em>οῦν</em></span> <span class='ocrx_word' id='word_1_311' title='bbox 1353 3818 1377 3872; x_wconf 86' lang='lat' dir='ltr'><em>d.</em></span> 
     </span>
    </p>

    <p class='ocr_par' dir='ltr' id='par_1_11' title="bbox 199 3903 1378 4217">
     <span class='ocr_line' id='line_1_34' title="bbox 199 3903 1378 3978; baseline -0.001 -21"><span class='ocrx_word' id='word_1_312' title='bbox 199 3913 201 3919; x_wconf 63' lang='lat'><strong><em>⁴</em></strong></span> <span class='ocrx_word' id='word_1_313' title='bbox 264 3904 303 3957; x_wconf 80' lang='lat' dir='ltr'><em>M.</em></span> <span class='ocrx_word' id='word_1_314' title='bbox 321 3904 364 3959; x_wconf 75' lang='lat' dir='ltr'><em>ad.</em></span> <span class='ocrx_word' id='word_1_315' title='bbox 383 3909 434 3959; x_wconf 80' lang='lat' dir='ltr'><strong>cet.</strong></span> <span class='ocrx_word' id='word_1_316' title='bbox 452 3904 483 3956; x_wconf 78' lang='grc' dir='ltr'><em>δὲ</em></span> <span class='ocrx_word' id='word_1_317' title='bbox 500 3905 549 3959; x_wconf 79' lang='lat' dir='ltr'><em>L⁶.</em></span> <span class='ocrx_word' id='word_1_318' title='bbox 600 3906 623 3976; x_wconf 76' lang='lat'><em>⁹)</em></span> <span class='ocrx_word' id='word_1_319' title='bbox 642 3909 722 3960; x_wconf 86' lang='grc' dir='ltr'><em>τοῦτο</em></span> <span class='ocrx_word' id='word_1_320' title='bbox 739 3907 778 3960; x_wconf 87' lang='grc' dir='ltr'><em>Μ.</em></span> <span class='ocrx_word' id='word_1_321' title='bbox 828 3908 865 3972; x_wconf 79' lang='grc'><em>10)</em></span> <span class='ocrx_word' id='word_1_322' title='bbox 881 3923 960 3960; x_wconf 81' lang='grc' dir='ltr'><em>τουτι</em></span> <span class='ocrx_word' id='word_1_323' title='bbox 978 3905 1062 3978; x_wconf 75' lang='grc' dir='ltr'><em>κλοπ)</em></span> <span class='ocrx_word' id='word_1_324' title='bbox 1081 3903 1146 3960; x_wconf 80' lang='grc' dir='ltr'><em>ἀνευ</em></span> <span class='ocrx_word' id='word_1_325' title='bbox 1164 3908 1317 3967; x_wconf 77' lang='grc' dir='ltr'><em>διαθέσεως</em></span> <span class='ocrx_word' id='word_1_326' title='bbox 1332 3907 1378 3959; x_wconf 84' lang='grc' dir='ltr'><em>τοῦ</em></span> 
     </span>
     <span class='ocr_line' id='line_1_35' title="bbox 264 3988 1377 4062; baseline 0.011 -22"><span class='ocrx_word' id='word_1_327' title='bbox 264 3989 387 4042; x_wconf 83' lang='grc' dir='ltr'><em>κλέπτειν</em></span> <span class='ocrx_word' id='word_1_328' title='bbox 406 3989 459 4060; x_wconf 76' lang='grc' dir='ltr'><em>οὐχ</em></span> <span class='ocrx_word' id='word_1_329' title='bbox 476 3989 663 4061; x_wconf 79' lang='grc' dir='ltr'><em>ἁμαρτάνεται</em></span> <span class='ocrx_word' id='word_1_330' title='bbox 687 3992 730 4046; x_wconf 75' lang='lat' dir='ltr'><em>ad.</em></span> <span class='ocrx_word' id='word_1_331' title='bbox 753 3992 795 4046; x_wconf 84' lang='lat' dir='ltr'><em>vi.</em></span> <span class='ocrx_word' id='word_1_332' title='bbox 820 3992 851 4046; x_wconf 90' lang='lat' dir='ltr'><em>R.</em></span> <span class='ocrx_word' id='word_1_333' title='bbox 869 3988 950 4045; x_wconf 70' lang='grc' dir='ltr'><em>’ἀνευ</em></span> <span class='ocrx_word' id='word_1_334' title='bbox 974 3992 1125 4062; x_wconf 88' lang='grc' dir='ltr'><em>προσώπου</em></span> <span class='ocrx_word' id='word_1_335' title='bbox 1149 3996 1198 4046; x_wconf 87' lang='grc' dir='ltr'><em>τοῦ</em></span> <span class='ocrx_word' id='word_1_336' title='bbox 1220 3995 1377 4052; x_wconf 59' lang='lat' dir='ltr'><em>aimanos</em></span> 
     </span>
     <span class='ocr_line' id='line_1_36' title="bbox 265 4073 1377 4149; baseline 0.005 -23"><span class='ocrx_word' id='word_1_337' title='bbox 265 4074 297 4126; x_wconf 88' lang='grc' dir='ltr'><em>οό</em></span> <span class='ocrx_word' id='word_1_338' title='bbox 315 4073 513 4139; x_wconf 74' lang='grc' dir='ltr'><em>συμβάλλεταί</em></span> <span class='ocrx_word' id='word_1_339' title='bbox 532 4075 580 4130; x_wconf 70' lang='grc' dir='ltr'><em>Ιι1.</em></span> <span class='ocrx_word' id='word_1_340' title='bbox 598 4073 646 4132; x_wconf 66' lang='grc' dir='ltr'><em>Ιιΰ.</em></span> <span class='ocrx_word' id='word_1_341' title='bbox 780 4079 814 4144; x_wconf 89' lang='grc'><em>11)</em></span> <span class='ocrx_word' id='word_1_342' title='bbox 831 4079 933 4131; x_wconf 81' lang='grc' dir='ltr'><em>-οστὰ</em></span> <span class='ocrx_word' id='word_1_343' title='bbox 950 4077 1000 4132; x_wconf 75' lang='grc' dir='ltr'><em>Ιι1.</em></span> <span class='ocrx_word' id='word_1_344' title='bbox 1017 4078 1066 4132; x_wconf 80' lang='lat'><strong>1.⁶.</strong></span> <span class='ocrx_word' id='word_1_345' title='bbox 1084 4078 1126 4133; x_wconf 83' lang='lat' dir='ltr'><em>vi.</em></span> <span class='ocrx_word' id='word_1_346' title='bbox 1144 4079 1177 4134; x_wconf 79' lang='lat' dir='ltr'><em>R.</em></span> <span class='ocrx_word' id='word_1_347' title='bbox 1303 4081 1337 4149; x_wconf 76' lang='lat'><em>12)</em></span> <span class='ocrx_word' id='word_1_348' title='bbox 1353 4077 1377 4132; x_wconf 88' lang='lat' dir='ltr'><em>d.</em></span> 
     </span>
     <span class='ocr_line' id='line_1_37' title="bbox 264 4159 500 4217; baseline 0.008 -4"><span class='ocrx_word' id='word_1_349' title='bbox 264 4159 451 4217; x_wconf 74' lang='lat'><strong>1.1.1.¹.1.⁶.</strong></span> <span class='ocrx_word' id='word_1_350' title='bbox 469 4160 500 4215; x_wconf 74' lang='lat' dir='ltr'><em>F.</em></span> 
     </span>
    </p>
   </div>
   <div class='ocr_carea' id='block_1_5' title="bbox 0 0 1516 4884">
    <p class='ocr_par' dir='ltr' id='par_1_12' title="bbox 0 0 1516 4884">
     <span class='ocr_line' id='line_1_38' title="bbox 0 0 1516 4884; baseline 0 0"><span class='ocrx_word' id='word_1_351' title='bbox 0 0 1516 4884; x_wconf 95' lang='lat' dir='ltr'><em> </em></span> 
     </span>
    </p>
   </div>
  </div>
 </body>
</html>
