2990 4884
710 423 920 485 „82-

261 609 315 694 τήν
338 609 493 692 τιμωρίαν,
516 606 536 693 ἢ
557 603 614 672 ἐὰν
643 607 925 672 καταδουλωθῶσιν
957 609 1119 695 ἀχάριστοι
1147 611 1235 697 τυχδν
1265 608 1387 692 ὀφθέν-

262 733 314 786 τες
335 711 405 794 περλ
425 709 499 786 τοὺς
521 710 651 786 οἰκείους
673 713 830 795 πάτρυνας
860 711 880 796 5
910 710 1085 794 ληφθέντες
1113 713 1171 774 ὑπὸ
1201 717 1262 775 τῶν
1291 714 1386 774 πολε-

260 813 353 894 μίων·
378 812 457 888 ὥςτε
479 809 533 873 οὖν
555 813 678 897 ἀναιρεῖ
698 813 750 897 τήν
771 809 944 897 ἐπιτροπὴν
975 814 994 897 5
1024 807 1164 899 ἐλαχίστη
1186 815 1235 874 καλ
1257 816 1276 899 5
1296 815 1386 899 μέση

262 917 311 978 καὶ
331 917 351 1000 5
372 915 500 1001 μεγίστη
523 915 638 998 capitis
660 914 871 980 deminutimn.
918 917 950 978 2.
986 917 1022 977 Εί
1051 915 1087 978 δὲ
1114 915 1165 978 καί
1193 936 1235 988 τις
1265 916 1352 1002 δοθῇ
1359 920 1385 996 1)
1403 919 1424 967 2.

229 1017 428 1102 5ἐπίτρσπος
447 1015 485 1082 ἐν
514 1016 648 1104 διαθήκη
677 1023 725 1102 τῷ
748 1019 860 1104 ἀνήβῳ
889 1019 982 1106 μέχρι
990 1017 1017 1097 ²)
1048 1024 1192 1102 φανερᾶς
1219 1019 1386 1100 αἱρέσεως,

262 1123 341 1188 οἷον·
359 1117 476 1184 Ἔστω
491 1117 702 1204 ἐπίτροπος
722 1121 794 1196 ἕως
809 1119 852 1183 ού
867 1123 886 1206 5
903 1124 998 1197 ναῦς
1013 1119 1142 1207 ἐλθηῧ)
1158 1124 1235 1186 ἀπὸ
1250 1121 1386 1198 Ἀσίας,

263 1229 318 1310 τῆς
339 1223 490 1306 αἱρέσεως
510 1222 651 1310 ἐκβάσης
673 1224 826 1287 διαλύεται
848 1225 867 1309 5
890 1221 909 1288 ἐ
915 1226 1058 1311 πιτροπή.
1102 1225 1133 1288 3.
1170 1225 1242 1287 θίδε
1264 1226 1311 1286 καί
1335 1248 1385 1288 τε·
1402 1225 1422 1274 3.

262 1329 353 1414 λευτή
388 1327 439 1392 τοῦ
471 1325 673 1410 ἐπιτρόπουέ)
704 1325 722 1412 ή
754 1330 809 1389 τοι]
842 1323 1131 1409 ἐπιτροπευομένυυ
1166 1327 1298 1390 διαλύειν
1328 1329 1385 1412 τὴν

263 1430 439 1516 ἐπιτροπήν.
487 1435 516 1494 4.
552 1431 587 1492 El
607 1429 643 1492 δὲ
664 1431 713 1492 καὶ
735 1429 852 1516 ύπυστῇ
874 1433 891 1489 ό
914 1426 1082 1513 ἐπίτροπος
1105 1431 1245 1513 μεγάλην
1267 1430 1384 1511 capitis
1400 1431 1422 1478 4·

215 1539 247 1591 10
264 1532 487 1611 deminutiona,
510 1531 554 1595 δι’
577 1533 615 1617 ἧς
636 1531 806 1612 ἀποβάλλει
837 1533 890 1616 τήν
918 1529 1120 1612 ἐλευθερίαν,
1149 1531 1168 1616 5
1199 1533 1253 1617 τὴν
1273 1531 1383 1618 μέσην,

264 1635 304 1699 δι’
327 1636 366 1720 ἧς
387 1635 566 1699 ἀποτίθεται
588 1636 641 1719 τήν
670 1632 839 1706 πολιτείαν,
870 1637 954 1696 πᾶσα
985 1632 1139 1696 διαλύεται
1168 1636 1187 1720 5
1216 1633 1383 1720 ἐπιτραπή.

265 1737 356 1826 τῇδ’
379 1737 522 1824 ἐλαχίστη
550 1736 663 1818 capitis
692 1734 900 1800 deminutioni
934 1739 986 1799 τοῦ
1014 1732 1199 1819 ἐπιτρόπου,
1233 1737 1299 1800 οἷον
1325 1735 1384 1802 ἐὰν

264 1843 374 1906 ἑαυτὸν
395 1844 441 1916 είς
461 1839 670 1921 adrogationa¹
692 1839 847 1925 παράσχῃ,
871 1840 890 1924 5
913 1837 1060 1920 legitima
1077 1840 1161 1925 μόνη
1169 1841 1195 1922 5)
1218 1841 1383 1924 φθείρεται

264 1943 428 2030 ἐπιτροπὴ,
457 1945 487 2006 αί
514 1941 550 2004 δὲ
572 1942 687 2017 λοιπαί,
715 1940 779 2004 οἷον
805 1941 1067 2006 λθελυωθυίύτίυἱ
1098 1943 1178 2026 καὶῆ
1209 1940 1300 2024 ύπδῖ)
1331 1949 1382 2007 τοῦ

217 2063 248 2114 15
266 2049 417 2136 ἄρχοντας
445 2043 608 2128 δεδομέναι
632 2043 777 2126 μένουσιν
802 2039 854 2105 ἐπί
883 2044 1049 2130 σχήματος.
1103 2046 1123 2130 5
1156 2047 1216 2127 γὰρ
1244 2049 1299 2108 τοῦ
1327 2067 1383 2128 pu-

264 2150 344 2234 psslu
366 2148 479 2230 capitis
501 2145 712 2222 deminutiwn‚
737 2147 763 2207 εί
784 2147 832 2207 καλ
852 2141 997 2231 ἐλαχίστη
1020 2147 1160 2234 ύπάρχει,
1183 2149 1287 2221 πάσας
1303 2150 1382 2211 άναι-

263 2257 319 2335 ρεῖ
336 2255 393 2326 τὰς
414 2247 597 2330 ἐπιτροπὰς·
621 2249 732 2325 γίνεται
754 2247 814 2328 γὰρ
836 2249 1021 2321 ύπεξυύσιυς
1047 2251 1063 2310 ό
1088 2249 1215 2335 ἄνηβος.
1255 2251 1382 2322 ύπεξαυ·
1479 2301 1480 2304 .

266 2357 343 2420 σίιυν
364 2355 400 2418 δὲ
422 2353 580 2435 ἀλλότριον
602 2348 638 2412 τὸ
665 2347 941 2431 ἐπιτροπεύεσθαι.
986 2355 1015 2414 5.
1048 2351 1163 2438 Ἐδόθη
1190 2373 1236 2426 τις
1265 2351 1381 2435 ἐπίτρο-
1397 2368 1419 2416 5.
1479 2347 1480 2415 λ

267 2483 325 2535 πας
353 2458 385 2521 ἐν
410 2456 543 2543 διαθήκη
565 2453 655 2540 μέχρι
679 2438 717 2534 [θ’
725 2449 890 2518 ἐνιαυτῶν.
935 2457 992 2539 τῆς
1020 2452 1135 2529 διετίας
1161 2455 1383 2540 παραδραμυύ·

216 2574 250 2627 20
268 2583 325 2648 σης
347 2561 475 2626 παύεται
498 2563 551 2621 τοῦ
574 2557 650 2620 εἶναι
670 2554 846 2640 ἐπίτροπος.
885 2559 915 2621 6.
948 2556 1046 2622 Παύει
1067 2555 1123 2620 τόν
1145 2557 1316 2640 ἐπίτροπον
1335 2562 1382 2622 καὶ
1397 2562 1418 2611 6·
1478 2595 1479 2610 1

267 2663 366 2738 τὸὼς
387 2663 554 2743 sfispeoton
576 2658 669 2724 αὐτὸν
690 2657 882 2745 ἐκβληθῆναι
913 2664 966 2745 τῆς
993 2658 1179 2747 ἐπιτροπῆς·
1210 2660 1304 2750 τυχὸν
1325 2661 1381 2742 γὰρ

268 2767 368 2838 κακὼς
389 2763 495 2850 διῴκει
515 2766 555 2826 τὰ
575 2767 630 2826 τοῦ
652 2765 793 2848 ὀρφανοῦ
818 2763 995 2846 πράγματα.
1041 2762 1068 2824 εί
1096 2761 1132 2824 δὲ
1161 2764 1210 2824 καί
1228 2765 1382 2852 χρήσηται

269 2867 471 2946 excusationi,
492 2865 649 2931 τουτέστιν
672 2866 895 2952 παραιτήσηται
916 2863 959 2937 ἐξ
980 2864 1113 2945 εύλόχου
1129 2865 1256 2948 αίτίαςῧ)
1273 2865 1381 2950 (μαθη-

270 2968 389 3054 σόμεθα
411 2969 447 3032 δὲ
469 2970 524 3043 τὰς
546 2969 691 3050 εὐλόγους
714 2968 811 3042 αίτίας
833 2967 1006 3050 προϊόντες)
1031 2969 1079 3029 καί
1100 2965 1202 3042 οὕτως
1225 2967 1380 3048 παύεταιδ)
1477 2969 1478 3027 λ

218 3088 252 3142 25
270 3076 324 3137 τοῦ
346 3072 422 3135 εἶναι
443 3069 618 3154 ἐπίτροπος.

270 3245 472 3258 ...----

337 3329 360 3394 1)
378 3326 474 3394 -θείη
492 3325 521 3379 Ρ.
622 3325 646 3390 ²)
662 3329 733 3388 μετὰ
746 3325 793 3386 ,vi.
811 3326 843 3380 R.
952 3325 974 3392 ³)
994 3323 1069 3396 ἔλθη.
1089 3325 1106 3393 5
1125 3345 1146 3378 ν.
1168 3323 1197 3377 P.
1261 3324 1285 3389 ⁴)
1302 3321 1318 3390 ἡ
1335 3323 1380 3373 τοῦ

273 3413 313 3464 ἐπ.
331 3412 385 3464 τιλ.
403 3411 446 3468 Vi.
465 3411 497 3465 R.
599 3413 622 3476 ⁵)
638 3410 727 3472 μόνως
743 3411 773 3466 Ρ,
875 3411 898 3476 ⁶)
916 3411 943 3462 αί
963 3410 1024 3466 add.
1044 3409 1085 3463 vi.
1103 3409 1135 3464 R.
1241 3409 1265 3473 ⁷)
1283 3408 1335 3462 ἀπὸ
1353 3405 1380 3458 F.

271 3498 294 3563 8)
311 3495 344 3553 ἐξ
360 3495 416 3549 εόλ.
435 3496 486 3550 αίτ.
501 3513 565 3565 παρ.
584 3496 613 3548 Ρ.
715 3497 738 3562 9)
755 3496 926 3565 παυθήσεται
943 3496 990 3549 Vi.
1009 3495 1040 3550 R.
