3096 4890
331 1279 416 1362 “H
443 1286 623 1374 διάταξις
653 1289 676 1386 ή
705 1285 937 1389 βεβαιοῦσα
968 1284 1018 1362 τὰ
1049 1283 1263 1364 Institfita.

256 1663 426 1756 Βασιλικής
453 1667 737 1753 μεγαλοφροσύνης
760 1667 842 1732 ἐστίν
865 1666 945 1731 ἴδιον
967 1667 1004 1731 σύ
1025 1668 1122 1752 μόνον
1137 1668 1242 1741 ὅπλοις
1262 1673 1382 1753 κοσμεῖ-

246 1770 339 1850 σθαι,
362 1768 439 1833 ἀλλὰ
462 1770 510 1832 καί
533 1768 638 1853 νόμοις
653 1767 841 1848 ὁπλίζεσθαι,
865 1771 911 1845 ῶς
932 1770 1000 1850 γει)
1023 1770 1171 1852 έκοίτερον
1188 1771 1305 1833 καὶτὸν
1326 1773 1382 1832 τοῦ

257 1873 392 1956 πολέμου
414 1871 464 1935 καὶ
486 1873 538 1933 τὸν
562 1875 616 1957 τής
638 1871 766 1958 είρήνής
789 1874 898 1954 καιρὸνΙ
917 1871 1028 1954 ὀρθῶς
1058 1872 1272 1957 κυβερνᾶσθαι
1295 1874 1382 1935 καίύ

254 1974 407 2060 ῥωραίων
428 1973 579 2055 βασιλεὺς
602 1973 793 2058 ἀποφέροιτο
818 1973 901 2047 νίκας
923 1973 959 2036 ού
980 1975 1077 2055 μόνον
1100 1973 1133 2037 ἐν
1155 1977 1223 2050 ταῖς
1243 1979 1306 2039 τῶν
1329 1998 1383 2038 πο-

223 2076 370 2160 υλερίων
394 2074 598 2159 συμπλοκαῖς,
622 2075 769 2140 ἀλλὰκαὶ
792 2077 930 2160 νομίμοις
951 2077 1095 2154 ἐπινοίαις
1122 2078 1177 2154 τὰς
1206 2082 1268 2141 τῶν
1295 2100 1383 2140 συκο-

258 2183 385 2263 φαντῶν
408 2176 527 2253 ἀδικίας
548 2175 681 2250 ἐξωθῶν
703 2182 752 2241 καί
773 2178 928 2266 γένήταιέ)
954 2181 1013 2264 μὲν
1028 2179 1061 2242 ἐν
1077 2180 1181 2262 νόμοις
1197 2179 1382 2264 σεβάσμιος,

258 2280 448 2365 θριαμβεύοι
472 2279 507 2343 δὲ
531 2284 592 2342 τῶν
616 2280 771 2361 πολεμίων
794 2282 995 2368 κρατήσαςθ).
1030 2285 1058 2346 1.
1092 2282 1210 2344 Τούτων
1232 2281 1383 2366 ἑκατέραν
1404 2281 1425 2331 l·

258 2384 313 2470 τήν
346 2382 420 2446 ύδδν
454 2383 631 2466 ἀγρυπνιῶν
658 2383 848 2466 ὑπερβολαῖς
875 2385 924 2446 καί
950 2384 1080 2471 μεγίστῃ
1112 2383 1294 2471 προμηθείᾳ
1320 2387 1383 2445 τῶν

258 2487 434 2570 ἐσομένων,
467 2485 544 2548 θεοῦ
576 2488 815 2569 συνεργοῦντος,
846 2486 863 2548 δ
890 2485 1045 2570 ήμέτερος
1073 2486 1199 2570 διήνυσε
1225 2484 1382 2567 βασιλεύς.

210 2595 241 2645 10
258 2590 307 2652 καί
318 2588 391 2662 τοὺς
401 2589 459 2672 μὲν
475 2587 508 2652 ἐν
521 2587 666 2672 πολέμοις
676 2587 814 2672 ἱδρῶτας
829 2587 922 2650 αὐτοῦ
938 2589 975 2651 τὰ
988 2588 1174 2672 βαρβαρικὰ
1185 2589 1258 2674 γένη
1266 2589 1292 2670 ⁴)
1313 2588 1384 2651 δου-

258 2690 400 2755 λωθέντα
423 2691 564 2776 κηρύττει
587 2690 681 2775 πείρᾳ
700 2689 845 2774 μαθόντα
867 2692 920 2754 τὸν
945 2690 1114 2774 κρείττονα.
1142 2693 1192 2754 καί
1214 2693 1305 2754 τοῦτο
1324 2691 1383 2775 μὲν

257 2791 379 2878 Ἀφρική
402 2796 494 2855 τοῦτο
517 2792 624 2856 δὲκαὶ
647 2792 752 2876 έτερσι
774 2795 809 2855 τὸ
837 2792 957 2880 πλῆθος
980 2792 1217 2879 ἀναρίθμητοιῦ)
1241 2791 1384 2880 ἐπαρχίαι

256 2894 336 2978 μετὰ
363 2894 478 2968 πολλὰς
508 2894 656 2957 ἐνιαυτῶν
684 2895 851 2977 περιόδους
881 2899 948 2970 ταῖς
976 2894 1071 2958 αὐτοῦ
1102 2893 1197 2970 νίκαις
1228 2893 1383 2974 ἄνωθενὸ)

259 2996 524 3084 φιλοτιμήθείσαις
547 2997 635 3060 πάλιν
658 2998 696 3080 τῇ
720 2997 873 3081 ῥωμαίων
901 2992 982 3083 ἀρχή
1010 2997 1057 3059 καὶ
1080 2999 1116 3080 τῇ
1139 2995 1233 3058 αὐτοῦ
1257 3018 1385 3079 προςτε-

210 3103 241 3154 15
259 3096 361 3161 θεῖσαι
366 3097 510 3183 βασιλείᾳ
516 3098 645 3179 βοῶσιν.
662 3098 744 3170 ἅπας
753 3096 789 3159 δὲ
796 3097 961 3182 δήμοςύπδ
972 3096 1383 3185 νύμωνέκφωνήθέντωνύπ’

258 3199 354 3266 αύτοῦ
366 3200 479 3264 καίύπὸ
493 3203 554 3262 τῶν
563 3196 777 3262 συντεθέντων
789 3197 965 3280 λθύνεταιῗ).
979 3200 1008 3260 2.
1022 3197 1080 3262 Καὶ
1092 3199 1145 3272 τὰς
1155 3198 1213 3282 μὲν
1225 3199 1386 3280 βασιλικὰς
1403 3209 1427 3259 2.

259 3302 416 3377 διατάξεις
431 3303 525 3365 πάλαι
546 3301 775 3387 συγκεχυμένας
798 3302 847 3362 καὶ
867 3300 1048 3386 μαχομένας
1063 3301 1208 3387 ἀλλήλαις
1224 3302 1267 3377 είς
1289 3324 1385 3385 σαφε-

258 3405 376 3490 στάτην
391 3403 490 3492 ήγαγε
506 3402 699 3488 συμφωνίαν.
722 3406 818 3486 τριῶν
833 3403 893 3488 γὰρ
911 3402 1008 3466 ὄντων
1025 3403 1164 3466 κωδίκων
1187 3406 1240 3466 τοῦ
1258 3425 1292 3465 τε
1306 3401 1385 3490 Γρή-

328 3643 351 3706 ¹)
368 3641 409 3695 ita
426 3641 475 3693 Ll.
493 3639 543 3694 [οἳ.
562 3639 595 3694 F.
614 3640 684 3700 ῶςτε
702 3639 735 3694 R.
824 3640 848 3707 ²)
865 3639 1025 3696 imum.
1038 3639 1071 3694 F.
1081 3641 1189 3707 γένοιτο
1200 3638 1233 3694 R.
1319 3638 1386 3704 ³)F.

260 3728 311 3783 Ll.
329 3727 362 3782 R.
381 3727 435 3781 11⁹:
452 3731 645 3797 τροπαιοφορῇ
664 3727 694 3778 δὲ
706 3727 808 3786 τουτές.
834 3727 905 3786 νίκας
922 3727 997 3796 φέρῃ
1022 3725 1191 3793 θρισμβεύοι
1210 3741 1244 3779 ex
1262 3724 1384 3793 glossam.

258 3812 349 3881 4)L1.
368 3812 417 3866 11¹.
436 3811 468 3866 F.
486 3811 518 3866 R.
538 3811 605 3881 ἔθνη
624 3817 687 3880 post
705 3812 823 3880 Viglium
840 3813 867 3865 in
887 3812 1019 3866 emendat.
1048 3810 1113 3865 edit.
1137 3825 1230 3864 omnes
1247 3823 1333 3879 usque
1351 3808 1386 3863 ad

261 3897 293 3953 F.
396 3899 419 3963 6)
437 3897 486 3950 Ll.
504 3896 553 3952 11².
572 3896 603 3950 F.
621 3896 653 3950 R.
672 3898 767 3964 μορίαι
783 3897 810 3951 in
823 3897 982 3965 quibusdam
1000 3896 1075 3950 libris
1092 3910 1151 3950 esse
1169 3900 1265 3951 auctor
1277 3899 1318 3948 est
1330 3893 1385 3948 Ho-

260 3988 360 4036 toman.
383 3981 410 4034 in
433 3981 533 4035 comm.
556 3981 623 4034 Inst.
726 3983 748 4048 ⁶)
767 3982 834 4033 ὅθεν
857 4012 890 4022 -
912 3983 995 4049 θῆναι
1018 3980 1069 4036 [st.
1092 3983 1186 4034 δεῖσαι
1210 3994 1302 4035 omnes
1327 3979 1387 4033 edd.

260 4082 346 4136 usque
369 4066 405 4119 ad
422 4065 475 4122 G2.
575 4067 599 4132 7)
617 4066 676 4134 ἐκφ.
694 4084 726 4118 τε
751 4067 797 4119 ὑπ’
821 4069 906 4120 αὐτοῦ
929 4067 972 4120 καί
995 4069 1073 4121 σονθ.
1091 4066 1123 4124 F.
1162 4067 1211 4120 ὑπ’
1236 4067 1321 4118 αὐτοῦ
1343 4065 1387 4117 καί

260 4170 337 4208 συντ.
355 4151 389 4206 R.
409 4181 441 4192 -
459 4153 499 4206 ita
517 4151 598 4205 Lm.
632 4153 703 4205 καθὸ
721 4153 765 4206 καί
784 4153 867 4218 νόμος
885 4152 969 4213 αὐτός
986 4150 1048 4207 add.
1067 4152 1110 4207 Vi.
1128 4152 1157 4206 in
1174 4166 1224 4206 om.
1243 4149 1276 4204 R.
