<?xml version="1.0" encoding="UTF-8"?>
<!DOCTYPE html PUBLIC "-//W3C//DTD XHTML 1.0 Transitional//EN"
    "http://www.w3.org/TR/xhtml1/DTD/xhtml1-transitional.dtd">
<html xmlns="http://www.w3.org/1999/xhtml" xml:lang="en" lang="en">
 <head>
  <title>
</title>
<meta http-equiv="Content-Type" content="text/html;charset=utf-8" />
  <meta name='ocr-system' content='tesseract 3.04.00' />
  <meta name='ocr-capabilities' content='ocr_page ocr_carea ocr_par ocr_line ocrx_word'/>
</head>
<body>
  <div class='ocr_page' id='page_1' title='image "./institutionumgr00linggoog_0443.png"; bbox 0 0 3078 4882; ppageno 0'>
   <div class='ocr_carea' id='block_1_1' title="bbox 617 425 847 490">
    <p class='ocr_par' dir='ltr' id='par_1_1' title="bbox 617 425 847 490">
     <span class='ocr_line' id='line_1_1' title="bbox 617 425 847 490; baseline 0.009 -2"><span class='ocrx_word' id='word_1_1' title='bbox 617 425 847 490; x_wconf 79' lang='lat'>-205-</span> 
     </span>
    </p>
   </div>
   <div class='ocr_carea' id='block_1_2' title="bbox 127 610 1299 1052">
    <p class='ocr_par' dir='ltr' id='par_1_2' title="bbox 127 610 1299 1052">
     <span class='ocr_line' id='line_1_2' title="bbox 174 610 1297 694; baseline 0.003 -20"><span class='ocrx_word' id='word_1_2' title='bbox 174 610 289 676; x_wconf 90' lang='lat' dir='ltr'>tionem</span> <span class='ocrx_word' id='word_1_3' title='bbox 308 612 400 694; x_wconf 88' lang='lat' dir='ltr'>parui</span> <span class='ocrx_word' id='word_1_4' title='bbox 422 614 561 694; x_wconf 83' lang='lat' dir='ltr'>pendens</span> <span class='ocrx_word' id='word_1_5' title='bbox 585 613 821 679; x_wconf 88' lang='lat' dir='ltr'>deliberandum</span> <span class='ocrx_word' id='word_1_6' title='bbox 843 611 1070 679; x_wconf 81' lang='lat' dir='ltr'>existimauerit</span> <span class='ocrx_word' id='word_1_7' title='bbox 1092 616 1124 678; x_wconf 86' lang='lat' dir='ltr'>et</span> <span class='ocrx_word' id='word_1_8' title='bbox 1146 611 1190 678; x_wconf 85' lang='lat' dir='ltr'>sic</span> <span class='ocrx_word' id='word_1_9' title='bbox 1212 611 1297 677; x_wconf 93' lang='lat' dir='ltr'>here-</span> 
     </span>
     <span class='ocr_line' id='line_1_3' title="bbox 173 729 1299 809; baseline 0 -15"><span class='ocrx_word' id='word_1_10' title='bbox 173 729 304 796; x_wconf 86' lang='lat' dir='ltr'>ditatem</span> <span class='ocrx_word' id='word_1_11' title='bbox 318 730 441 809; x_wconf 85' lang='lat' dir='ltr'>adierit,</span> <span class='ocrx_word' id='word_1_12' title='bbox 457 750 519 798; x_wconf 89' lang='lat' dir='ltr'>nou</span> <span class='ocrx_word' id='word_1_13' title='bbox 534 732 736 797; x_wconf 86' lang='lat' dir='ltr'>adiuuahitur</span> <span class='ocrx_word' id='word_1_14' title='bbox 753 732 984 798; x_wconf 84' lang='lat' dir='ltr'><strong>constitutionis</strong></span> <span class='ocrx_word' id='word_1_15' title='bbox 1000 731 1124 809; x_wconf 89' lang='lat' dir='ltr'>auxilio,</span> <span class='ocrx_word' id='word_1_16' title='bbox 1141 737 1189 797; x_wconf 89' lang='lat' dir='ltr'>set</span> <span class='ocrx_word' id='word_1_17' title='bbox 1203 730 1237 794; x_wconf 91' lang='lat' dir='ltr'>in</span> <span class='ocrx_word' id='word_1_18' title='bbox 1253 735 1299 795; x_wconf 88' lang='lat' dir='ltr'>to·</span> 
     </span>
     <span class='ocr_line' id='line_1_4' title="bbox 127 846 1298 918; baseline 0 -5"><span class='ocrx_word' id='word_1_19' title='bbox 127 846 155 900; x_wconf 83' lang='lat'>⁷·</span> <span class='ocrx_word' id='word_1_20' title='bbox 174 855 242 915; x_wconf 88' lang='lat' dir='ltr'>tum</span> <span class='ocrx_word' id='word_1_21' title='bbox 264 850 403 917; x_wconf 87' lang='lat' dir='ltr'>debitum</span> <span class='ocrx_word' id='word_1_22' title='bbox 426 850 641 918; x_wconf 85' lang='lat' dir='ltr'>conueniatur.</span> <span class='ocrx_word' id='word_1_23' title='bbox 683 853 712 914; x_wconf 79' lang='lat'>7.</span> <span class='ocrx_word' id='word_1_24' title='bbox 747 852 923 917; x_wconf 81' lang='lat' dir='ltr'>Extraneus</span> <span class='ocrx_word' id='word_1_25' title='bbox 946 851 1038 917; x_wconf 84' lang='lat' dir='ltr'>heres</span> <span class='ocrx_word' id='word_1_26' title='bbox 1060 850 1224 915; x_wconf 85' lang='lat' dir='ltr'>institutus</span> <span class='ocrx_word' id='word_1_27' title='bbox 1246 849 1298 914; x_wconf 90' lang='lat' dir='ltr'>uel</span> 
     </span>
     <span class='ocr_line' id='line_1_5' title="bbox 171 967 1298 1052; baseline 0 -19"><span class='ocrx_word' id='word_1_28' title='bbox 171 967 213 1034; x_wconf 89' lang='lat' dir='ltr'>ab</span> <span class='ocrx_word' id='word_1_29' title='bbox 246 969 394 1034; x_wconf 83' lang='lat' dir='ltr'>intestato</span> <span class='ocrx_word' id='word_1_30' title='bbox 428 977 561 1036; x_wconf 83' lang='lat' dir='ltr'>uocatus</span> <span class='ocrx_word' id='word_1_31' title='bbox 594 976 700 1052; x_wconf 86' lang='lat' dir='ltr'>potest</span> <span class='ocrx_word' id='word_1_32' title='bbox 734 989 791 1052; x_wconf 88' lang='lat' dir='ltr'>pro</span> <span class='ocrx_word' id='word_1_33' title='bbox 826 971 941 1035; x_wconf 85' lang='lat' dir='ltr'>herede</span> <span class='ocrx_word' id='word_1_34' title='bbox 967 970 1104 1052; x_wconf 86' lang='lat' dir='ltr'>gerendo</span> <span class='ocrx_word' id='word_1_35' title='bbox 1133 967 1185 1034; x_wconf 92' lang='lat' dir='ltr'>uel</span> <span class='ocrx_word' id='word_1_36' title='bbox 1214 967 1298 1033; x_wconf 89' lang='lat' dir='ltr'>nuda</span> 
     </span>
    </p>
   </div>
   <div class='ocr_carea' id='block_1_3' title="bbox 168 1086 1348 2843">
    <p class='ocr_par' dir='ltr' id='par_1_3' title="bbox 170 1086 1348 1406">
     <span class='ocr_line' id='line_1_6' title="bbox 172 1086 1348 1172; baseline 0 -22"><span class='ocrx_word' id='word_1_37' title='bbox 172 1086 337 1154; x_wconf 87' lang='lat' dir='ltr'>uoluntate</span> <span class='ocrx_word' id='word_1_38' title='bbox 368 1088 574 1155; x_wconf 85' lang='lat' dir='ltr'>hereditatem</span> <span class='ocrx_word' id='word_1_39' title='bbox 602 1091 751 1172; x_wconf 85' lang='lat' dir='ltr'>accipere.</span> <span class='ocrx_word' id='word_1_40' title='bbox 805 1089 931 1155; x_wconf 86' lang='lat' dir='ltr'>uidetur</span> <span class='ocrx_word' id='word_1_41' title='bbox 964 1093 1069 1153; x_wconf 87' lang='lat' dir='ltr'>autem</span> <span class='ocrx_word' id='word_1_42' title='bbox 1097 1107 1153 1170; x_wconf 87' lang='lat' dir='ltr'>pro</span> <span class='ocrx_word' id='word_1_43' title='bbox 1182 1086 1298 1152; x_wconf 89' lang='lat' dir='ltr'>herede</span> <span class='ocrx_word' id='word_1_44' title='bbox 1332 1091 1348 1140; x_wconf 79' lang='lat'><strong>5</strong></span> 
     </span>
     <span class='ocr_line' id='line_1_7' title="bbox 170 1204 1297 1289; baseline 0 -19"><span class='ocrx_word' id='word_1_45' title='bbox 170 1224 280 1288; x_wconf 83' lang='lat' dir='ltr'>gerere</span> <span class='ocrx_word' id='word_1_46' title='bbox 302 1209 356 1289; x_wconf 88' lang='lat' dir='ltr'>qui</span> <span class='ocrx_word' id='word_1_47' title='bbox 379 1208 576 1273; x_wconf 83' lang='lat' dir='ltr'>hereditariis</span> <span class='ocrx_word' id='word_1_48' title='bbox 599 1209 693 1275; x_wconf 81' lang='lat' dir='ltr'>rebus</span> <span class='ocrx_word' id='word_1_49' title='bbox 716 1214 866 1289; x_wconf 62' lang='lat' dir='ltr'>anquam</span> <span class='ocrx_word' id='word_1_50' title='bbox 882 1207 1028 1273; x_wconf 86' lang='lat' dir='ltr'>domiuus</span> <span class='ocrx_word' id='word_1_51' title='bbox 1043 1212 1162 1284; x_wconf 85' lang='lat' dir='ltr'>utatur,</span> <span class='ocrx_word' id='word_1_52' title='bbox 1184 1204 1297 1272; x_wconf 83' lang='lat' dir='ltr'>fundos</span> 
     </span>
     <span class='ocr_line' id='line_1_8' title="bbox 170 1325 1296 1406; baseline -0.002 -16"><span class='ocrx_word' id='word_1_53' title='bbox 170 1325 336 1391; x_wconf 90' lang='lat' dir='ltr'>uendeudo</span> <span class='ocrx_word' id='word_1_54' title='bbox 365 1327 433 1392; x_wconf 85' lang='lat' dir='ltr'>siue</span> <span class='ocrx_word' id='word_1_55' title='bbox 455 1327 600 1403; x_wconf 87' lang='lat' dir='ltr'>colendo,</span> <span class='ocrx_word' id='word_1_56' title='bbox 628 1327 696 1392; x_wconf 84' lang='lat' dir='ltr'>siue</span> <span class='ocrx_word' id='word_1_57' title='bbox 719 1327 812 1393; x_wconf 87' lang='lat' dir='ltr'>etiam</span> <span class='ocrx_word' id='word_1_58' title='bbox 840 1325 981 1406; x_wconf 86' lang='lat' dir='ltr'>locando,</span> <span class='ocrx_word' id='word_1_59' title='bbox 1003 1332 1036 1392; x_wconf 90' lang='lat' dir='ltr'>et</span> <span class='ocrx_word' id='word_1_60' title='bbox 1057 1342 1181 1406; x_wconf 87' lang='lat' dir='ltr'>quoquo</span> <span class='ocrx_word' id='word_1_61' title='bbox 1204 1325 1296 1391; x_wconf 87' lang='lat' dir='ltr'>modu</span> 
     </span>
    </p>

    <p class='ocr_par' dir='ltr' id='par_1_4' title="bbox 168 1443 1348 2843">
     <span class='ocr_line' id='line_1_9' title="bbox 170 1443 1297 1513; baseline 0 -5"><span class='ocrx_word' id='word_1_62' title='bbox 170 1445 198 1508; x_wconf 85' lang='lat' dir='ltr'>si</span> <span class='ocrx_word' id='word_1_63' title='bbox 227 1443 423 1510; x_wconf 90' lang='lat' dir='ltr'>uoluntatem</span> <span class='ocrx_word' id='word_1_64' title='bbox 452 1463 541 1511; x_wconf 85' lang='lat' dir='ltr'>auam</span> <span class='ocrx_word' id='word_1_65' title='bbox 572 1445 623 1513; x_wconf 91' lang='lat' dir='ltr'>uel</span> <span class='ocrx_word' id='word_1_66' title='bbox 652 1465 686 1512; x_wconf 92' lang='lat' dir='ltr'>re</span> <span class='ocrx_word' id='word_1_67' title='bbox 717 1447 767 1511; x_wconf 93' lang='lat' dir='ltr'>uel</span> <span class='ocrx_word' id='word_1_68' title='bbox 796 1446 902 1512; x_wconf 84' lang='lat' dir='ltr'>uerbis</span> <span class='ocrx_word' id='word_1_69' title='bbox 932 1445 1070 1512; x_wconf 75' lang='lat' dir='ltr'>declaret</span> <span class='ocrx_word' id='word_1_70' title='bbox 1092 1444 1131 1510; x_wconf 86' lang='lat' dir='ltr'>de</span> <span class='ocrx_word' id='word_1_71' title='bbox 1152 1444 1297 1510; x_wconf 87' lang='lat' dir='ltr'>adeunda</span> 
     </span>
     <span class='ocr_line' id='line_1_10' title="bbox 169 1564 1296 1644; baseline -0.002 -15"><span class='ocrx_word' id='word_1_72' title='bbox 169 1565 356 1644; x_wconf 88' lang='lat' dir='ltr'>hereditate,</span> <span class='ocrx_word' id='word_1_73' title='bbox 379 1566 546 1631; x_wconf 88' lang='lat' dir='ltr'>dummodo</span> <span class='ocrx_word' id='word_1_74' title='bbox 575 1567 659 1632; x_wconf 90' lang='lat' dir='ltr'>norit</span> <span class='ocrx_word' id='word_1_75' title='bbox 687 1586 727 1631; x_wconf 87' lang='lat' dir='ltr'>an</span> <span class='ocrx_word' id='word_1_76' title='bbox 750 1585 788 1632; x_wconf 83' lang='lat' dir='ltr'>ex</span> <span class='ocrx_word' id='word_1_77' title='bbox 810 1571 998 1632; x_wconf 85' lang='lat' dir='ltr'>testamento</span> <span class='ocrx_word' id='word_1_78' title='bbox 1021 1584 1060 1631; x_wconf 89' lang='lat' dir='ltr'>an</span> <span class='ocrx_word' id='word_1_79' title='bbox 1083 1566 1123 1631; x_wconf 86' lang='lat' dir='ltr'>ah</span> <span class='ocrx_word' id='word_1_80' title='bbox 1145 1564 1296 1629; x_wconf 86' lang='lat' dir='ltr'>intestato</span> 
     </span>
     <span class='ocr_line' id='line_1_11' title="bbox 168 1683 1348 1766; baseline 0 -19"><span class='ocrx_word' id='word_1_81' title='bbox 168 1683 262 1750; x_wconf 88' lang='lat' dir='ltr'>heres</span> <span class='ocrx_word' id='word_1_82' title='bbox 284 1685 335 1752; x_wconf 82' lang='lat' dir='ltr'>sit.</span> <span class='ocrx_word' id='word_1_83' title='bbox 358 1702 430 1750; x_wconf 87' lang='lat' dir='ltr'>nam</span> <span class='ocrx_word' id='word_1_84' title='bbox 452 1687 479 1750; x_wconf 86' lang='lat' dir='ltr'>si</span> <span class='ocrx_word' id='word_1_85' title='bbox 502 1704 572 1751; x_wconf 90' lang='lat' dir='ltr'>cum</span> <span class='ocrx_word' id='word_1_86' title='bbox 594 1686 686 1750; x_wconf 87' lang='lat' dir='ltr'>heres</span> <span class='ocrx_word' id='word_1_87' title='bbox 710 1685 845 1766; x_wconf 84' lang='lat' dir='ltr'>scriptus</span> <span class='ocrx_word' id='word_1_88' title='bbox 868 1686 919 1764; x_wconf 88' lang='lat' dir='ltr'>sit,</span> <span class='ocrx_word' id='word_1_89' title='bbox 942 1685 1009 1751; x_wconf 88' lang='lat' dir='ltr'>adit</span> <span class='ocrx_word' id='word_1_90' title='bbox 1023 1691 1173 1764; x_wconf 86' lang='lat' dir='ltr'>tanquam</span> <span class='ocrx_word' id='word_1_91' title='bbox 1188 1685 1228 1749; x_wconf 92' lang='lat' dir='ltr'>ah</span> <span class='ocrx_word' id='word_1_92' title='bbox 1250 1684 1296 1747; x_wconf 88' lang='lat' dir='ltr'>iu·</span> <span class='ocrx_word' id='word_1_93' title='bbox 1318 1690 1348 1740; x_wconf 89' lang='lat'>10</span> 
     </span>
     <span class='ocr_line' id='line_1_12' title="bbox 169 1803 1296 1884; baseline -0.002 -15"><span class='ocrx_word' id='word_1_94' title='bbox 169 1809 287 1870; x_wconf 84' lang='lat' dir='ltr'>testato</span> <span class='ocrx_word' id='word_1_95' title='bbox 309 1812 442 1870; x_wconf 86' lang='lat' dir='ltr'>uocatus</span> <span class='ocrx_word' id='word_1_96' title='bbox 463 1804 515 1871; x_wconf 88' lang='lat' dir='ltr'>uel</span> <span class='ocrx_word' id='word_1_97' title='bbox 530 1812 648 1884; x_wconf 88' lang='lat' dir='ltr'>contre,</span> <span class='ocrx_word' id='word_1_98' title='bbox 671 1808 762 1872; x_wconf 85' lang='lat' dir='ltr'>heres</span> <span class='ocrx_word' id='word_1_99' title='bbox 778 1825 838 1871; x_wconf 88' lang='lat' dir='ltr'>nan</span> <span class='ocrx_word' id='word_1_100' title='bbox 854 1805 918 1872; x_wconf 90' lang='lat' dir='ltr'>fiet.</span> <span class='ocrx_word' id='word_1_101' title='bbox 941 1807 1017 1872; x_wconf 90' lang='lat' dir='ltr'>Pro</span> <span class='ocrx_word' id='word_1_102' title='bbox 1040 1806 1191 1872; x_wconf 91' lang='lat' dir='ltr'>herede</span> <span class='ocrx_word' id='word_1_103' title='bbox 1214 1803 1296 1869; x_wconf 90' lang='lat' dir='ltr'>enim</span> 
     </span>
     <span class='ocr_line' id='line_1_13' title="bbox 169 1924 1296 2008; baseline 0.002 -21"><span class='ocrx_word' id='word_1_104' title='bbox 169 1941 280 2004; x_wconf 85' lang='lat' dir='ltr'>gerere</span> <span class='ocrx_word' id='word_1_105' title='bbox 308 1930 357 1989; x_wconf 85' lang='lat' dir='ltr'>est</span> <span class='ocrx_word' id='word_1_106' title='bbox 383 1943 452 2006; x_wconf 86' lang='lat' dir='ltr'>pro</span> <span class='ocrx_word' id='word_1_107' title='bbox 479 1924 632 1990; x_wconf 85' lang='lat' dir='ltr'>dominu</span> <span class='ocrx_word' id='word_1_108' title='bbox 659 1943 787 2008; x_wconf 67' lang='lat' dir='ltr'>gerere,</span> <span class='ocrx_word' id='word_1_109' title='bbox 817 1933 940 1992; x_wconf 83' lang='lat' dir='ltr'>ueteres</span> <span class='ocrx_word' id='word_1_110' title='bbox 969 1927 1051 1991; x_wconf 87' lang='lat' dir='ltr'>erim</span> <span class='ocrx_word' id='word_1_111' title='bbox 1079 1926 1176 1992; x_wconf 91' lang='lat' dir='ltr'>uerbo</span> <span class='ocrx_word' id='word_1_112' title='bbox 1208 1925 1296 1989; x_wconf 78' lang='lat' dir='ltr'>»he-</span> 
     </span>
     <span class='ocr_line' id='line_1_14' title="bbox 170 2043 1295 2126; baseline 0.001 -20"><span class='ocrx_word' id='word_1_113' title='bbox 170 2059 259 2107; x_wconf 81' lang='lat' dir='ltr'>res«</span> <span class='ocrx_word' id='word_1_114' title='bbox 285 2043 446 2109; x_wconf 90' lang='lat' dir='ltr'>domiuum</span> <span class='ocrx_word' id='word_1_115' title='bbox 469 2043 696 2126; x_wconf 81' lang='lat' dir='ltr'>significabant.</span> <span class='ocrx_word' id='word_1_116' title='bbox 734 2045 828 2111; x_wconf 87' lang='lat' dir='ltr'>sicuti</span> <span class='ocrx_word' id='word_1_117' title='bbox 850 2052 955 2112; x_wconf 88' lang='lat' dir='ltr'>autem</span> <span class='ocrx_word' id='word_1_118' title='bbox 979 2045 1063 2112; x_wconf 88' lang='lat' dir='ltr'>nuda</span> <span class='ocrx_word' id='word_1_119' title='bbox 1085 2044 1248 2110; x_wconf 87' lang='lat' dir='ltr'>uoluntate</span> <span class='ocrx_word' id='word_1_120' title='bbox 1270 2045 1295 2108; x_wconf 89' lang='lat' dir='ltr'>si</span> 
     </span>
     <span class='ocr_line' id='line_1_15' title="bbox 170 2161 1295 2248; baseline 0.004 -24"><span class='ocrx_word' id='word_1_121' title='bbox 170 2165 339 2226; x_wconf 85' lang='lat' dir='ltr'>extraneus</span> <span class='ocrx_word' id='word_1_122' title='bbox 362 2161 448 2228; x_wconf 86' lang='lat' dir='ltr'>dieat</span> <span class='ocrx_word' id='word_1_123' title='bbox 469 2181 538 2229; x_wconf 85' lang='lat' dir='ltr'>sese</span> <span class='ocrx_word' id='word_1_124' title='bbox 560 2163 767 2230; x_wconf 80' lang='lat' dir='ltr'>hereditatem</span> <span class='ocrx_word' id='word_1_125' title='bbox 789 2166 947 2248; x_wconf 85' lang='lat' dir='ltr'>accipere,</span> <span class='ocrx_word' id='word_1_126' title='bbox 975 2165 1066 2230; x_wconf 89' lang='lat' dir='ltr'>heres</span> <span class='ocrx_word' id='word_1_127' title='bbox 1088 2163 1134 2241; x_wconf 84' lang='lat' dir='ltr'>lit,</span> <span class='ocrx_word' id='word_1_128' title='bbox 1156 2164 1203 2228; x_wconf 90' lang='lat' dir='ltr'>ita</span> <span class='ocrx_word' id='word_1_129' title='bbox 1225 2181 1295 2228; x_wconf 90' lang='lat' dir='ltr'>eun-</span> 
     </span>
     <span class='ocr_line' id='line_1_16' title="bbox 169 2279 1346 2363; baseline -0.002 -20"><span class='ocrx_word' id='word_1_130' title='bbox 169 2279 279 2344; x_wconf 90' lang='lat' dir='ltr'>trariis</span> <span class='ocrx_word' id='word_1_131' title='bbox 306 2280 411 2346; x_wconf 89' lang='lat' dir='ltr'>uerbis</span> <span class='ocrx_word' id='word_1_132' title='bbox 440 2280 555 2362; x_wconf 88' lang='lat' dir='ltr'>quihus</span> <span class='ocrx_word' id='word_1_133' title='bbox 584 2281 740 2363; x_wconf 86' lang='lat' dir='ltr'>significet</span> <span class='ocrx_word' id='word_1_134' title='bbox 769 2301 838 2350; x_wconf 81' lang='lat' dir='ltr'>sese</span> <span class='ocrx_word' id='word_1_135' title='bbox 867 2303 928 2349; x_wconf 88' lang='lat' dir='ltr'>non</span> <span class='ocrx_word' id='word_1_136' title='bbox 956 2283 1044 2350; x_wconf 88' lang='lat' dir='ltr'>adire</span> <span class='ocrx_word' id='word_1_137' title='bbox 1073 2281 1295 2360; x_wconf 80' lang='lat' dir='ltr'>hereditatem,</span> <span class='ocrx_word' id='word_1_138' title='bbox 1316 2293 1346 2342; x_wconf 80' lang='lat'>15</span> 
     </span>
     <span class='ocr_line' id='line_1_17' title="bbox 169 2398 1296 2481; baseline 0.003 -18"><span class='ocrx_word' id='word_1_139' title='bbox 169 2398 277 2464; x_wconf 85' lang='lat' dir='ltr'>statim</span> <span class='ocrx_word' id='word_1_140' title='bbox 308 2399 348 2465; x_wconf 88' lang='lat' dir='ltr'>ab</span> <span class='ocrx_word' id='word_1_141' title='bbox 372 2400 546 2465; x_wconf 86' lang='lat' dir='ltr'>hereditate</span> <span class='ocrx_word' id='word_1_142' title='bbox 575 2399 745 2481; x_wconf 86' lang='lat' dir='ltr'>repellitur.</span> <span class='ocrx_word' id='word_1_143' title='bbox 795 2406 901 2468; x_wconf 84' lang='lat' dir='ltr'>mutus</span> <span class='ocrx_word' id='word_1_144' title='bbox 930 2403 980 2466; x_wconf 91' lang='lat' dir='ltr'>uel</span> <span class='ocrx_word' id='word_1_145' title='bbox 1012 2401 1127 2467; x_wconf 74' lang='lat' dir='ltr'>hardus</span> <span class='ocrx_word' id='word_1_146' title='bbox 1154 2404 1221 2466; x_wconf 87' lang='lat' dir='ltr'>siue</span> <span class='ocrx_word' id='word_1_147' title='bbox 1250 2401 1296 2467; x_wconf 90' lang='lat' dir='ltr'>ita</span> 
     </span>
     <span class='ocr_line' id='line_1_18' title="bbox 170 2519 1295 2605; baseline 0.004 -23"><span class='ocrx_word' id='word_1_148' title='bbox 170 2523 263 2583; x_wconf 85' lang='lat' dir='ltr'>natus</span> <span class='ocrx_word' id='word_1_149' title='bbox 287 2523 344 2594; x_wconf 88' lang='lat' dir='ltr'>est,</span> <span class='ocrx_word' id='word_1_150' title='bbox 368 2519 436 2586; x_wconf 84' lang='lat' dir='ltr'>siue</span> <span class='ocrx_word' id='word_1_151' title='bbox 458 2525 569 2600; x_wconf 85' lang='lat' dir='ltr'>postea</span> <span class='ocrx_word' id='word_1_152' title='bbox 590 2523 700 2588; x_wconf 86' lang='lat' dir='ltr'>morbo</span> <span class='ocrx_word' id='word_1_153' title='bbox 722 2522 833 2600; x_wconf 84' lang='lat' dir='ltr'>lactus,</span> <span class='ocrx_word' id='word_1_154' title='bbox 856 2522 965 2605; x_wconf 86' lang='lat' dir='ltr'>procul</span> <span class='ocrx_word' id='word_1_155' title='bbox 992 2521 1087 2588; x_wconf 89' lang='lat' dir='ltr'>dubio</span> <span class='ocrx_word' id='word_1_156' title='bbox 1109 2539 1166 2600; x_wconf 87' lang='lat' dir='ltr'>pro</span> <span class='ocrx_word' id='word_1_157' title='bbox 1181 2521 1295 2587; x_wconf 91' lang='lat' dir='ltr'>herede</span> 
     </span>
     <span class='ocr_line' id='line_1_19' title="bbox 170 2639 1295 2722; baseline 0.002 -20"><span class='ocrx_word' id='word_1_158' title='bbox 170 2654 280 2718; x_wconf 84' lang='lat' dir='ltr'>gerere</span> <span class='ocrx_word' id='word_1_159' title='bbox 308 2642 412 2720; x_wconf 88' lang='lat' dir='ltr'>potest</span> <span class='ocrx_word' id='word_1_160' title='bbox 441 2645 473 2705; x_wconf 90' lang='lat' dir='ltr'>et</span> <span class='ocrx_word' id='word_1_161' title='bbox 499 2639 559 2706; x_wconf 88' lang='lat' dir='ltr'><strong>sibi</strong></span> <span class='ocrx_word' id='word_1_162' title='bbox 587 2640 793 2707; x_wconf 88' lang='lat' dir='ltr'>hereditatem</span> <span class='ocrx_word' id='word_1_163' title='bbox 815 2659 986 2722; x_wconf 81' lang='lat' dir='ltr'>quaerere,</span> <span class='ocrx_word' id='word_1_164' title='bbox 1021 2641 1050 2706; x_wconf 86' lang='lat' dir='ltr'>ai</span> <span class='ocrx_word' id='word_1_165' title='bbox 1083 2641 1174 2707; x_wconf 89' lang='lat' dir='ltr'>modo</span> <span class='ocrx_word' id='word_1_166' title='bbox 1208 2641 1295 2707; x_wconf 88' lang='lat' dir='ltr'>intel·</span> 
     </span>
     <span class='ocr_line' id='line_1_20' title="bbox 169 2753 1117 2843; baseline 0.007 -26"><span class='ocrx_word' id='word_1_167' title='bbox 169 2753 256 2837; x_wconf 85' lang='lat' dir='ltr'>legat</span> <span class='ocrx_word' id='word_1_168' title='bbox 288 2774 358 2823; x_wconf 88' lang='lat' dir='ltr'>sese</span> <span class='ocrx_word' id='word_1_169' title='bbox 390 2759 574 2825; x_wconf 87' lang='lat' dir='ltr'>hereditatis</span> <span class='ocrx_word' id='word_1_170' title='bbox 607 2760 819 2842; x_wconf 88' lang='lat' dir='ltr'>adquirendae</span> <span class='ocrx_word' id='word_1_171' title='bbox 841 2779 937 2828; x_wconf 88' lang='lat' dir='ltr'>causa</span> <span class='ocrx_word' id='word_1_172' title='bbox 957 2761 991 2826; x_wconf 93' lang='lat' dir='ltr'>id</span> <span class='ocrx_word' id='word_1_173' title='bbox 1013 2780 1117 2843; x_wconf 82' lang='lat' dir='ltr'>agere.</span> 
     </span>
    </p>
   </div>
   <div class='ocr_carea' id='block_1_4' title="bbox 0 0 1544 4882">
    <p class='ocr_par' dir='ltr' id='par_1_5' title="bbox 0 0 1544 4882">
     <span class='ocr_line' id='line_1_21' title="bbox 0 0 1544 4882; baseline 0 0"><span class='ocrx_word' id='word_1_174' title='bbox 0 0 1544 4882; x_wconf 95' lang='lat' dir='ltr'> </span> 
     </span>
    </p>
   </div>
  </div>
 </body>
</html>
