3078 4882
669 416 903 480 ..m-

228 602 414 689 δδιαφόρως
437 600 574 691 χρῆσθαι
602 603 669 678 τοῖς
695 601 852 686 ὀνόμασιν.
903 599 955 664 διὰ
982 601 1074 662 τούτο
1101 596 1142 661 δὲ
1173 596 1355 672 ἰδιαζόντως

228 705 351 790 ἑκάστῳ
380 704 478 770 πάθει
500 704 666 792 κυριότητα
687 703 902 792 προσηγορίας.
914 702 1138 789 ἐττενοήσαμεν,
1160 700 1216 764 ἐνα
1238 698 1272 762 ἐκ
1292 697 1354 762 τῶν

228 805 343 894 κυρίων
358 807 520 892 ὀνομάτων
534 806 661 888 γνόντες
676 807 710 870 τὸ
726 805 926 892 ὑποκείμενον
942 805 1044 904 πάθος
1059 803 1246 892 δυνηθῶμεν
1262 799 1354 866 τοῦτο

228 903 399 994 διαφυγεῖν.
454 910 483 973 6.
515 906 599 972 Ἀλλὰ
627 908 666 972 τὰ
689 908 748 992 μὲν
775 907 922 995 είρημένα
951 932 970 991 γ
997 907 1083 996 πάθη
1118 907 1172 994 τήν
1203 903 1355 990 πολιτικήν
1371 919 1399 970 6.

193 1010 394 1094 αδνατρέπει
421 1009 587 1098 διαθήκην,
620 1009 675 1098 τής
704 1005 739 1074 δὲ’
767 1009 948 1094 praetorias
975 1004 1033 1100 ούχ
1060 1007 1206 1074 ἅπτεται·
1233 1008 1269 1070 τὸ
1294 1004 1354 1090 μὲν

178 1105 181 1115 ’
228 1114 289 1201 γὰρ
312 1117 367 1179 τοῦ
388 1134 451 1180 non
472 1114 542 1179 iure
564 1110 648 1178 ciuili
669 1111 760 1178 ίύυέθ
780 1109 883 1187 πάθας
905 1114 952 1176 καῖ
972 1111 1082 1196 μωρόν
1105 1111 1168 1175 ἐστι
1190 1107 1289 1193 λέγειν
1305 1107 1354 1170 ἐπὶ

228 1217 285 1306 τῆς
303 1217 492 1300 praetorias.
535 1215 630 1280 τὸδὲ
655 1217 711 1279 τοῦ
740 1215 870 1298 κύματ’)
898 1214 935 1278 ού
964 1213 1108 1278 καταλύει
1138 1211 1247 1296 αύτήν,
1279 1208 1355 1273 ow&

225 1320 345 1406 μήντὸ
368 1322 422 1383 τοῦ
443 1317 552 1396 inn'tu,
573 1317 628 1381 ἐὰν
651 1316 761 1404 συμβῇ
780 1317 832 1380 τδν
853 1315 1013 1382 λεεέύέοτυ
1035 1315 1199 1400 διαφυγεῖν
1221 1314 1259 1400 ήν
1282 1313 1354 1376 ύπέ·

228 1444 301 1509 στην
323 1421 439 1505 capitis
462 1419 689 1486 deminutiona.
734 1422 751 1481 ό
780 1419 841 1503 γὰρ
870 1421 1010 1501 ριεόιωτ
1037 1417 1112 1494 τοὺς
1139 1416 1197 1480 δύο
1227 1414 1355 1502 καιρούς

179 1538 212 1590 10
229 1522 371 1610 ἐπιζητεῖ,
393 1524 447 1587 τδν
470 1527 525 1609 τῆς
546 1523 700 1608 ποιήσεως
721 1525 778 1609 τής
805 1520 956 1610 διαθήκης
976 1521 1026 1585 καῖ
1055 1522 1106 1584 τὸν
1128 1523 1185 1606 τῆς
1208 1519 1356 1604 τελευτῆς

229 1627 277 1689 καὶ
307 1625 360 1687 ἐὰν
388 1624 500 1711 εύρήέ)
528 1623 562 1688 ἐν
594 1624 734 1710 ἐκατέρῳ
765 1627 863 1710 καιρῷ
891 1622 1000 1712 ἔχοντα
1033 1621 1126 1688 αίιτδν
1158 1619 1357 1687 testamenti·

228 1719 409 1808 factiona‚³)
427 1728 557 1816 ἰσχυρδν
579 1725 664 1792 οίδεν
686 1723 762 1792 εἶναι
783 1728 838 1814 τήν
861 1721 956 1791 αύτού
978 1724 1162 1811 διαθήκηνέ)
1184 1725 1239 1786 τὸν
1258 1722 1355 1807 μέσον

228 1831 335 1914 καιρὸν
358 1829 394 1892 ού
418 1829 710 1915 περιεμγαζύμενος,
734 1827 796 1894 εἴτε
809 1830 873 1916 ’τήν
895 1827 1047 1893 πολιτείαν
1070 1825 1132 1890 εἴτε
1155 1825 1208 1912 τήν
1231 1823 1357 1888 ἐλευθε·

227 1931 298 2016 ρίαν
327 1933 497 1996 ἀπώλεσεν.
547 1933 629 2008 ύλως
661 1932 721 2016 γὰρ
755 1931 789 1994 ἐν
820 1929 848 2018 ᾧ
881 1931 958 1995 ἑπτὰ
988 1929 1159 2015 μαρτύρων
1192 1927 1357 1991 ἐπίκεινται

180 2037 212 2090 15
230 2032 408 2116 σφραγῖδες
440 2033 491 2097 καὶ
517 2033 554 2095 ἐν
583 2032 726 2117 ἑκατέρῳ
751 2035 852 2116 καιρῷ
878 2028 1207 2103 tostamentifaetiona
1234 2028 1357 2116 εῖχενό

230 2135 418 2221 τελευτήσας
439 2133 491 2221 (ήν
513 2135 574 2220 γὰρ
587 2138 732 2220 ῥωμαῖυς
747 2135 796 2198 καὶ
809 2133 1022 2216 αύτεξούαιυς)
1038 2133 1149 2197 δίδωσι
1164 2134 1210 2217 τῷ
1225 2130 1356 2215 ευτίρίφ

228 2238 413 2325 κληρονόμῳ
437 2237 522 2324 τήνὸ)
545 2236 717 2304 secundum
739 2235 868 2304 tabulas
892 2237 1086 2324 διακατοχήν.
1115 2233 1268 2316 είμέντοι
1291 2232 1356 2296 ἐτε-

228 2339 376 2424 λεύτησεν
399 2339 433 2402 ἐν
454 2337 493 2426 τή
514 2339 630 2423 capitis
652 2338 871 2418 deminution&
894 2338 970 2414 δούς
984 2340 1046 2422 γὰρ
1066 2338 1178 2402 ἑαυτὸν
1194 2337 1239 2412 εἷς
1262 2335 1357 2400 αύτο-

229 2440 360 2526 gationa
382 2440 584 2526 ἐτελεύτησεν
606 2442 676 2527 πρὶν
706 2438 904 2514 αύτεξούσιος
925 2439 1059 2526 γένηται,
1087 2439 1159 2502 τότε
1187 2439 1235 2501 καὶ
1264 2431 1358 2512 αὐτὸς

178 2546 248 2616 νοό
271 2543 411 2626 ρταύίωτ
433 2541 517 2606 οἶδεν
539 2541 657 2608 inriton
679 2541 777 2607 οὖσαν
805 2543 859 2628 τήν
883 2539 1034 2630 διαθήκην
1056 2543 1106 2605 καῖ
1133 2540 1189 2603 ούκ
1210 2539 1357 2622 ἐπαγγέλ-

230 2645 464 2731 λεταιεοτίρθῳ
486 2644 670 2733 κληρονόμῳ
692 2645 778 2732 τὴνῆ
806 2643 977 2709 secundum
1007 2641 1137 2707 tabulas
1159 2641 1354 2729 διακατογήν.

231 2750 261 2812 7.
294 2747 518 2832 Διαθέμενύςί)
547 2770 593 2824 τις
625 2750 676 2811 καὶ
713 2747 866 2833 ἐπιζήσας
892 2749 931 2832 τῇ
964 2747 1083 2833 ποιήσει
1114 2748 1170 2831 τῆς
1204 2743 1357 2830 διαθήκης
1374 2767 1400 2821 7,
1532 2813 1533 2838 η

232 2847 331 2914 εἶπεν·
357 2849 580 2933 »βούλομαι
602 2849 823 2937 ταύτηνμκ)
841 2848 1069 2938 ἰσχύεινΛῆ
1106 2847 1141 2910 ἐκ
1163 2845 1281 2910 τούτων
1301 2845 1357 2929 μύ·

232 2973 293 3013 νων
316 2947 377 3013 τῶν
396 2951 548 3037 ῥημάτων
571 2949 735 3037 ἀνίσχυμυς
756 2949 811 3013 οὐκ
829 2951 1022 3014 ἀποτελεῖται
1036 2950 1055 3036 ή
1071 2947 1220 3035 διαθήκη·
1243 2946 1282 3010 τὰ
1295 2947 1357 3031 γὰρ

179 3069 214 3123 25
231 3043 369 3137 ἐννόμως
390 3050 543 3137 γενόμενα
565 3051 704 3136 ἐννόμως
731 3049 960 3136 ἀνατρέπεσθαι
982 3050 1040 3114 δεῖ.
1082 3052 1118 3114 τὸ
1148 3049 1240 3113 πλέον
1264 3050 1356 3137 φημὶ.

232 3153 262 3217 εί
279 3153 329 3217 καὶ
348 3151 428 3237 μετὰ
451 3151 485 3214 τδ
507 3149 673 3215 διαθέσθαι
702 3173 744 3226 τις
773 3149 869 3238 ήλθεν
896 3151 944 3215 ἐπὶ
973 3151 1090 3238 ποίησιν
1119 3149 1273 3236 δευτέρας
1295 3150 1357 3214 δια·

230 3255 339 3344 θήκης,
363 3255 395 3318 ἐν
418 3253 455 3317 δέ
484 3249 532 3337 τῷ
556 3253 676 3337 μεταξύ
705 3254 888 3342 τελευτήσας
918 3251 937 3340 ή
966 3255 1014 3316 καὶ
1041 3252 1215 3338 μεταγνούς
1241 3251 1357 3339 ταύτην

231 3358 288 3423 ούκ
317 3356 507 3443 ἐπεραίωσε,
543 3359 596 3419 τοῦ
631 3354 796 3420 θειοτάτου
830 3354 1046 3436 Ρενέίυαοοεθ)
1079 3353 1189 3437 γέγονε
1219 3352 1357 3427 διάταξις

187 3507 190 3522 .
230 3459 366 3543 βεβαίαν
390 3456 466 3522 εἶναι
488 3457 542 3543 τήν
565 3456 723 3542 προτέραν
744 3455 899 3545 διαθήκην
918 3455 1098 3520 κελεύουσα.
1133 3457 1209 3543 φησὶ
1231 3455 1291 3540 γὰρ
1311 3455 1357 3540 μκ)

180 3576 216 3630 80
232 3561 351 3646 ἐτέρως
366 3560 503 3646 νομίμως
517 3558 729 3647 γενομένηνῑθ)
738 3558 901 3644 προτέραν
916 3556 1069 3645 διαθήκην
1084 3559 1118 3621 ἐκ
1132 3563 1190 3644 τῆς
1204 3557 1357 3640 δευτέρας

232 3659 441 3748 δκυροῦσθαι,
473 3662 500 3724 εί
530 3661 573 3746 μὴ
603 3659 743 3745 ἐννόμως
770 3663 836 3748 ήῑῑ)
859 3660 995 3746 δευτέρα
1021 3659 1192 3746 περαιωθή
1243 3661 1263 3746 ή
1295 3659 1358 3743 γὰρ

233 3838 435 3850 ——u

302 3936 327 3996 1)
347 3936 411 3988 ούδέ
428 3937 461 3990 τδ
479 3941 527 3991 τοῦ
544 3939 571 4006 p.
590 3937 633 3992 vi.
651 3936 683 3992 R.
774 3935 798 4003 Ι)
816 3935 840 3988 τί
860 3936 889 3987 ἐν
907 3935 944 3988 ἐκ.
964 3953 986 3988 κ.
1006 3933 1112 4005 ἔχονται
1130 3932 1168 3986 Μ.
1272 3931 1296 3998 ⁸)
1314 3949 1358 3985 τε·

233 4020 384 4084 σταμὲντου
402 4038 430 4088 φ.
449 4022 490 4076 vi.
509 4022 542 4076 R.
721 4025 745 4091 ⁴)
763 4022 830 4074 διαδ.
849 4021 935 4074 αὐτοῦ
953 4020 996 4075 Vi.
1014 4019 1047 4074 R.
1225 4019 1250 4086 6)
1269 4016 1295 4070 d.
1315 4015 1357 4071 vi.

233 4107 256 4172 θ)
273 4105 405 4176 ἐσομένην
424 4107 473 4162 ins.
492 4107 530 4164 M.
560 4095 561 4100 ¹
664 4109 687 4175 ²)
706 4107 803 4160 διατιθ.
821 4106 859 4160 Μ.
996 4105 1020 4173 8)
1037 4104 1090 4161 M.:
1109 4109 1159 4158 oet
1175 4102 1219 4156 ὀδ
1235 4101 1314 4169 βούλ.
1331 4119 1358 4156 τ.

233 4190 303 4262 ἐσχ.’
404 4191 489 4258 ⁹)1ta
505 4191 543 4247 M.
561 4191 611 4246 Ll.
714 4194 750 4260 ¹⁰)
767 4194 911 4261 γεγονυῖαν
930 4208 989 4256 νομ,
1007 4191 1062 4247 Ιιθ.
1166 4187 1244 4256 11)d.
1263 4188 1306 4243 vi.
