3038 4884
523 385 804 465 ⁸-24-

132 573 234 642 uitam
256 574 383 658 quidem
404 573 609 654 reliquerunt,
629 569 838 654 appellatione
859 589 936 636 uero
958 574 1080 636 tantum
1094 568 1265 652 ignominia

132 694 328 772 adiecerunt,
343 691 507 758 dediticios
523 710 577 758 eos
591 697 751 768 uocantes,
767 689 843 770 qnia
857 688 934 756 uicti
949 707 1019 755 sese
1030 687 1220 755 dediderunt
1227 691 1262 774 ¹).

133 812 289 879 eiusmodi
302 819 407 878 antmu
420 812 526 878 liberti
545 812 615 894 lege
628 813 719 877 Aelia
733 810 842 877 Santie
857 809 994 876 dediticii
1011 818 1085 876 sunt
1098 809 1262 893 appellati:

132 950 205 998 cum
217 931 299 998 enirn
312 936 397 996 esset
408 930 455 997 eis
467 930 631 1012 turpitudo
643 931 824 1008 communis,
840 929 1011 996 communis
1023 945 1148 1008 quoque
1159 928 1262 1011 appel·

131 1049 211 1114 latio
233 1049 303 1114 init.
347 1053 396 1114 set
418 1047 557 1114 dediticii
582 1048 707 1130 quidem
737 1069 775 1114 ex
802 1049 908 1112 multis
931 1049 992 1112 lam
1015 1048 1207 1129 temporibus
1228 1049 1261 1113 in
1296 1049 1313 1100 ὅ

132 1168 373 1235 desuetudinem
395 1168 556 1234 abierunt:
580 1170 747 1235 latinorum
770 1187 846 1234 uero
869 1186 981 1234 nomen
1001 1188 1061 1235 non
1083 1169 1262 1250 frequenta-

131 1290 237 1354 batur.
283 1290 366 1354 unde
388 1295 420 1356 et
441 1289 586 1371 princeps
618 1293 726 1356 noster
752 1290 857 1354 omnia
883 1307 1000 1370 augere
1027 1293 1122 1369 atque
1145 1288 1176 1352 in
1199 1306 1262 1354 me·

130 1407 243 1474 liorem
277 1414 395 1473 statum
430 1406 582 1472 reducere
616 1407 799 1473 desiderans
830 1408 953 1474 duabus
984 1406 1260 1473 constitutionibus

130 1533 277 1592 ueterum
300 1545 423 1591 errores
446 1527 592 1603 correxit,
616 1525 835 1592 dediticiorum
859 1525 1091 1606 latinorumque
1106 1526 1259 1592 condicio·

129 1664 204 1711 uem
227 1643 350 1722 tollens,
372 1650 469 1725 atque
490 1645 522 1710 in
545 1646 709 1726 pristinam
733 1644 866 1710 formam
893 1641 1109 1711 libertinorum
1139 1647 1311 1711 inere-10

130 1783 267 1838 uocans,
294 1781 450 1845 unamque
477 1762 694 1831 libertinitatis
724 1765 859 1845 speciem
882 1767 1085 1830 constituens.
1132 1783 1202 1830 nam
1227 1770 1259 1831 et
1332 1835 1335 1842 ,

130 1901 150 1947 a
172 1880 285 1964 primis
307 1880 504 1948 incunabulis
532 1899 662 1948 romana
690 1881 869 1964 respublica
900 1883 1072 1964 simplicem
1099 1883 1257 1965 quandam

128 2002 347 2068 libertinorum
362 2002 573 2068 condicionem
590 2008 730 2079 nouerat,
753 2010 788 2068 ut
801 2021 914 2085 nempe
936 2004 1045 2068 eadem
1067 2008 1259 2084 competeret

129 2119 271 2198 libertas,
293 2137 387 2200 qnam
409 2119 618 2186 manumissor
639 2121 779 2199 haberet,
802 2127 898 2203 atque
920 2127 1052 2201 uterque
1074 2123 1152 2188 ciuis
1174 2130 1258 2191 esset

129 2257 288 2317 romanus,
310 2239 344 2304 in
365 2239 425 2305 hoc
447 2245 570 2306 tantum
593 2239 783 2318 differentes,
806 2236 1308 2322 quodmanumissnsliberti-15

85 2369 110 2420 a
127 2375 190 2424 nus
212 2358 318 2437 fiebat,
341 2359 413 2425 licet
433 2361 642 2425 manumissor
665 2365 749 2425 esset
776 2360 942 2443 ingenuus.
975 2361 1005 2425 4.
1028 2359 1071 2426 lit
1093 2359 1257 2426 dediticios
1364 2366 1369 2376 '

128 2478 258 2560 quidem
281 2478 465 2545 constitutio
486 2477 689 2545 sacratissimi
705 2479 853 2562 principis
876 2480 1015 2558 sustulit,
1038 2498 1131 2562 quam
1147 2479 1258 2546 Tribu-

126 2598 223 2663 niano
245 2599 315 2663 uiro
337 2599 459 2664 excelso
489 2604 658 2678 quaestore
686 2605 876 2680 suggerente
905 2599 1084 2680 rescripsit,
1114 2604 1147 2666 et
1175 2601 1257 2667 inter

127 2734 206 2784 snas
227 2717 399 2782 decisiones
420 2716 643 2798 promulgauit,
672 2722 817 2784 ueterum
846 2718 996 2784 dirimens
1025 2717 1256 2786 altercationes.

127 2835 244 2902 latinos
266 2841 371 2901 autem
393 2836 536 2902 iunienos
559 2842 592 2902 et
621 2854 744 2902 ornnem
773 2855 856 2919 qnae
884 2838 967 2904 circa
995 2856 1048 2904 eos
1078 2837 1183 2904 murat
1204 2839 1258 2905 ob·
1275 2838 1310 2890 20

127 2957 337 3036 sementiam,
367 2957 477 3022 eodem
506 2961 697 3038 suggerente
726 2957 952 3038 gloriosissimo
979 2963 1160 3041 quaestore,
1194 2958 1258 3024 alia

127 3076 353 3142 constitutione
374 3077 556 3157 abrogauit,
578 3093 673 3158 quam
696 3076 778 3144 inter
800 3075 988 3159 principales
1017 3076 1257 3143 constitutiones

127 3194 307 3260 radiantem
335 3195 444 3261 uidere
474 3201 538 3274 est,
567 3203 604 3261 ut
628 3215 740 3278 nempe
770 3214 878 3262 omnes
901 3196 1005 3262 liberti
1035 3197 1122 3262 ciues
1151 3202 1257 3261 essent

127 3313 262 3390 romani,
278 3312 364 3378 nullo
380 3313 556 3380 discrimine
573 3332 675 3398 neque
689 3315 804 3380 aetatis
820 3311 1012 3392 manumissi,
1036 3333 1137 3396 neque
1159 3314 1256 3380 domi·

126 3433 171 3498 nii
206 3432 463 3511 manumissoris,
506 3451 608 3515 neque
646 3433 679 3498 in
712 3432 965 3500 manumissionis
1002 3433 1094 3499 modo
1132 3432 1256 3518 habito,
1274 3445 1308 3498 tte

198 3669 221 3735 1)
239 3667 292 3722 ita:
310 3682 364 3724 non
383 3667 556 3737 »dederuut«,
575 3668 676 3738 scripu
689 3684 723 3724 ex
740 3669 809 3725 Gaio
829 3673 851 3738 l,
870 3672 911 3726 14.
