3058 4890
604 423 835 490 ..208-

157 611 352 694 pinguiorem
375 618 520 678 naturam
542 612 587 679 eis
610 629 679 678 esse
702 612 866 690 indultam,
889 613 1100 678 necessarium
1117 612 1205 678 duxit
1220 627 1284 678 om·

156 730 231 796 nino
252 730 357 812 legata
379 729 627 798 fideicommissis
650 730 829 797 adsimilare
858 738 894 796 ut
924 731 1010 798 nulla
1038 731 1171 815 amplius
1199 731 1283 798 inter

156 870 195 917 ea
217 853 259 916 sit
280 849 465 927 differentia,
490 857 538 917 set
559 850 644 930 quod
665 847 778 932 legatis
801 850 892 928 desit,
915 849 947 917 id
970 869 1008 915 ex
1031 845 1282 917 fideicommisso-

154 987 226 1034 rum
248 971 409 1053 repleatur
431 975 554 1047 natura,
578 975 610 1033 et
632 968 715 1052 quod
737 968 771 1034 in
794 969 907 1050 legatis
924 969 1059 1048 amplius
1083 970 1134 1048 sit,
1157 969 1190 1035 id
1212 988 1282 1036 oum
1314 989 1316 994 ·

154 1088 402 1155 fideicommissis
424 1105 548 1171 quoque
571 1088 828 1154 communicetur.
873 1095 922 1154 set
943 1107 983 1154 ne
1005 1087 1133 1154 confusa
1156 1095 1189 1154 et
1211 1108 1280 1170 per·
1315 1094 1332 1144 5

154 1209 273 1274 miscuo
296 1210 334 1273 de
356 1209 469 1290 legatis
491 1214 523 1274 et
545 1207 791 1274 fideicommissis
814 1214 987 1275 tractmtes
1013 1210 1046 1274 in
1078 1209 1155 1289 ipsis
1176 1207 1280 1289 legum

153 1327 416 1394 institutionibus·
441 1334 567 1395 teneras
605 1329 708 1395 adhuc
745 1327 981 1394 adulescentum
1019 1345 1112 1394 aures
1144 1329 1176 1393 in
1212 1328 1280 1408 ipso

153 1447 312 1526 prooemio
328 1443 512 1513 difficilioris
527 1447 687 1513 doctrinae
708 1447 882 1526 turbemus,
894 1453 1114 1528 opportunum
1134 1464 1203 1511 esse
1224 1447 1279 1511 du-

151 1567 255 1632 ximus
278 1572 371 1632 antea
393 1568 432 1630 de
454 1564 570 1647 legatis
593 1565 761 1647 separatim
785 1565 905 1644 dicere,
935 1571 967 1630 et
992 1570 1103 1647 postea
1133 1565 1172 1630 de
1195 1563 1280 1630 fidei-

152 1686 327 1754 commissis
357 1690 508 1764 tractare,
540 1691 576 1750 ut
609 1685 775 1767 utriusque
803 1690 918 1750 natura
946 1684 1077 1749 seorsim
1104 1676 1332 1766 perspecta,1⁰

153 1803 348 1885 suptilioram
375 1804 533 1886 quandam
561 1810 594 1870 et
623 1802 852 1885 diligentiorem
880 1804 1054 1869 doctrinam
1077 1802 1197 1869 eruditi
1217 1804 1279 1870 iam

104 1955 132 2005 4,
152 1930 250 2006 atque
271 1923 395 1989 adsueti
417 1924 484 1990 sine
505 1922 570 1988 ulla
597 1923 753 2002 accipiant
782 1922 1027 2003 perturbatione.
1072 1923 1102 1985 4.
1138 1921 1209 1987 Non
1232 1939 1277 1987 so·

149 2044 215 2109 lum
238 2048 343 2107 autern
365 2042 527 2108 testatoris
550 2039 601 2108 uel
623 2041 749 2108 heredis
765 2059 825 2114 res,
848 2047 897 2106 set
919 2040 1014 2106 etiam
1036 2040 1158 2107 alienae
1180 2039 1279 2121 legari

149 2167 293 2244 possunt,
322 2180 384 2226 non
414 2167 519 2227 tamen
541 2167 577 2226 ut
599 2160 724 2227 domino
751 2177 828 2226 suae
855 2179 906 2226 res
936 2159 1135 2226 auferantur:
1157 2159 1279 2241 cogitur

150 2281 235 2347 euim
257 2280 349 2346 heres
372 2281 533 2347 dominnm
555 2280 643 2346 adire
665 2283 761 2360 atque
784 2281 823 2346 de
845 2297 879 2345 re
902 2279 1034 2344 emenda
1055 2296 1159 2360 agere.
1198 2283 1229 2344 et
1251 2279 1277 2342 si
1299 2279 1329 2329 1⁶

150 2401 279 2481 quidem
307 2400 450 2466 dominus
480 2398 616 2465 uendere
645 2398 750 2477 malit,
777 2398 869 2465 heres
898 2415 969 2463 curn
999 2397 1184 2474 redemerit,
1213 2413 1279 2461 rem

149 2519 303 2602 legatario
324 2519 431 2585 tradit.
469 2519 517 2585 sin
540 2524 646 2584 antem
668 2523 813 2600 nequeat,
836 2516 961 2582 nolente
984 2516 1118 2593 domino,
1141 2515 1186 2580 rei
1208 2532 1278 2595 pre·

150 2638 233 2704 tium
254 2637 406 2722 legatario
428 2636 611 2719 praestabit
663 2637 691 2701 si
714 2637 784 2719 quis
806 2635 942 2701 moriens
964 2632 1040 2698 mihi
1063 2651 1130 2698 rem
1153 2634 1277 2716 legaue-

149 2760 207 2838 rlt,
236 2760 325 2825 cuius
354 2756 572 2823 commercium
602 2774 663 2820 non
692 2755 807 2834 habeo,
835 2773 897 2820 non
926 2753 1026 2820 solum
1056 2771 1093 2818 ea
1116 2752 1193 2817 mihi
1215 2770 1277 2818 non

150 2879 303 2957 debetur,
330 2883 380 2943 set
405 2895 506 2959 nequa
533 2877 601 2942 cius
624 2875 760 2958 pretium
782 2881 891 2957 petere
911 2892 1050 2957 possum.
1095 2873 1171 2956 quid
1194 2871 1277 2937 enim
1295 2877 1330 2929 ao
1364 2951 1366 2954 Ι

151 2999 179 3064 si
201 2999 273 3081 quis
295 3013 439 3078 campum
461 2991 613 3060 Martium
635 2993 711 3058 mihi
734 2995 888 3076 leganerit
911 2993 975 3074 (est
997 2997 1104 3057 autem
1119 2991 1205 3058 locus
1221 3010 1275 3074 pu·

150 3118 251 3185 blicus
273 3135 370 3201 propa
392 3121 553 3203 Romam),
584 3121 635 3188 uel
664 3121 825 3186 basilicam
855 3120 907 3185 uel
935 3118 1087 3200 templum
1115 3118 1167 3184 uel
1195 3134 1277 3198 quae

150 3239 275 3320 publico
297 3236 369 3306 usui
389 3239 573 3319 inseruiant
596 3237 696 3304 ueluti
718 3238 878 3304 theatrum
899 3254 1027 3302 arenam
1050 3233 1192 3304 circum?
1213 3253 1275 3300 om·

151 3358 204 3422 nia
225 3355 259 3421 id
281 3375 379 3438 genus
401 3355 507 3441 legata
528 3355 645 3424 nullius
669 3357 817 3424 momenti
840 3362 923 3422 sunt.
946 3356 1029 3437 quod
1045 3360 1152 3420 autem
1170 3352 1278 3436 paullo

150 3481 224 3542 ante
239 3475 460 3559 proposuimus
476 3494 542 3544 rem
558 3475 693 3543 alienam
707 3494 757 3541 me
772 3476 877 3556 legare
892 3491 985 3556 posse
999 3479 1076 3539 tunc
1091 3473 1215 3538 demum
1226 3491 1278 3538 ue-
1294 3487 1331 3538 aa

150 3609 220 3660 rum
244 3601 301 3676 est,
324 3613 395 3660 cum
418 3614 476 3678 ego
498 3601 631 3662 testator
653 3595 685 3660 id
708 3593 845 3660 alienum
868 3611 936 3658 esse
959 3591 1109 3658 nouerim.
1155 3592 1276 3657 namsi

150 3713 386 3798 ignoraremm,
408 3715 520 3781 inutile
548 3714 609 3782 enit
640 3713 788 3796 legatum.
838 3711 971 3780 forsitan
994 3710 1075 3779 anim
1099 3711 1126 3775 si
1148 3709 1277 3776 scissam

201 4298 302 4349 Tineoph.
316 4298 428 4340 Antaeus.
443 4309 485 4339 rec.
500 4295 590 4339 desini.
