3038 4884
702 403 915 470 ..56.-

308 686 429 765 Quibus
452 688 558 754 modis
580 689 631 754 ius
652 690 824 774 potestatis
847 691 1075 774 dissoluitur.¹)
1119 692 1242 758 Titulus
1266 695 1314 758 12.

335 838 561 928 Ἐδιδάχθηρεν
583 840 620 904 ἐκ
642 846 704 905 τῶν
727 843 952 928 προλαβόντων
980 847 1060 908 κατά
1085 867 1176 908 τινων
1206 843 1316 934 ἔχομεν
1338 849 1380 910 τι)

251 939 285 1004 in
305 946 482 1023 potestate,
507 943 642 1008 τουτέστι
672 945 749 1009 κατδι
778 949 839 1010 τῶν
871 947 999 1011 οἰκετῶν
1034 949 1083 1011 καὶ
1115 953 1177 1012 τῶν
1209 949 1379 1034 ἡμετέρων

252 1042 370 1106 παίδων
394 1047 484 1110 τοῦτο
504 1046 564 1131 μὲν
587 1052 733 1131 φυσικῶν,
754 1050 847 1114 τοῦτο
871 1048 979 1113 δὲκαὶ
1001 1049 1114 1114 θετόιν.
1159 1048 1380 1126 διεξελθόντες

251 1144 306 1218 τὰς
328 1146 475 1233 περὶτῆς
498 1147 798 1234 αότοςυῐίουοεκαλ
823 1148 1046 1234 adoptionos²)
1075 1153 1234 1236 διαφοράς
1261 1175 1296 1216 τε
1324 1155 1380 1216 καὶ

216 1246 409 1321 ὅκοινωνίας
432 1246 504 1330 (εἰσὶ
526 1249 586 1334 γάρ
609 1250 760 1335 διαφοραὶ
779 1251 837 1333 μὲν
859 1251 908 1330 δξ,
939 1252 1090 1316 κοινωνίαι
1120 1253 1157 1317 δὲ
1186 1253 1291 1336 ἑπτά),
1318 1256 1375 1319 νῦν

251 1347 458 1438 οιτοπόσωρεν
489 1350 542 1413 τίνι
573 1350 728 1414 διαλύεται
759 1352 868 1436 τρόπῳ
897 1353 930 1416 τδ
963 1353 998 1417 in
1027 1359 1199 1436 potestate.
1251 1357 1284 1418 τδ
1311 1356 1378 1441 γὰρ

251 1453 436 1539 τρόπῳτινι
457 1456 675 1539 συνιστάμενον
699 1457 790 1520 τοῦτο
812 1455 860 1517 καὶ
880 1455 990 1540 τρόπῳ
1016 1458 1072 1519 τινὶ
1099 1456 1264 1523 διαλύεται.
1308 1458 1376 1520 δια·

250 1556 315 1622 λύει
337 1558 373 1621 δὲ
396 1559 429 1620 τό
452 1558 531 1621 κατὰ
553 1562 616 1621 τῶν
639 1557 766 1621 ολκετῶν
788 1557 822 1620 in
842 1561 1004 1640 potestate
1031 1560 1049 1621 ό
1072 1558 1188 1644 τρόπος
1210 1563 1265 1646 τῆς
1286 1558 1375 1624 ε’λευ·

200 1686 203 1689 ·
251 1657 370 1744 θερίας.
414 1660 469 1744 τὴν
493 1658 525 1720 δ’
549 1657 733 1744 ἐλευθερίαν
757 1659 864 1735 πόσοις
892 1660 1058 1742 συμβαίνει
1081 1661 1208 1744 τρόποις
1229 1661 1373 1746 φθάσαν·

202 1769 235 1819 10
254 1784 304 1838 τες
326 1761 502 1848 εἰρήκαμεν.
547 1762 650 1847 ἡγὰρ
674 1761 801 1846 τελευτὴ
831 1763 885 1827 τοῦ
913 1762 1069 1826 δεσπότου
1096 1761 1153 1828 ούιι
1179 1763 1376 1848 ἀνταλλαγὴν

250 1863 403 1940 δουλείας,
426 1863 503 1926 ἀλλὰ
522 1862 694 1945 μετάθεσιν
717 1863 902 1936 δεσποτείας
924 1861 1155 1944 ἐπαγγέλλεται.
1180 1867 1213 1928 τὸ
1236 1864 1273 1927 δὲ
1294 1865 1377 1928 κατὰ

249 1965 313 2029 τῶν
335 1965 410 2028 υἱῶν
431 1963 464 2027 in
487 1967 648 2046 potestate
672 1965 823 2039 πλείστοις
845 1963 1002 2028 διαλύεται
1022 1964 1158 2050 τρόποις.
1210 1966 1289 2040 ’τέως
1310 1969 1375 2052 γὰρ

249 2068 269 2153 ἢ
293 2069 348 2131 τοῦ
368 2067 487 2148 γονέως
510 2069 636 2153 τελευτὴ
664 2066 866 2140 αὐτεξούσιον
894 2069 977 2131 ποιεῖ
1000 2069 1052 2129 τὸν
1082 2067 1187 2132 παῖδα.
1237 2069 1376 2154 ὀφείλεις

251 2170 286 2233 δὲ
309 2169 422 2234 εἰδέναι
444 2171 490 2234 ότι
511 2174 661 2252 parantes
684 2169 823 2250 λέγονται
847 2172 959 2244 πάντες
989 2169 1018 2231 ot
1046 2169 1199 2250 ἀνιόντες,
1220 2169 1314 2235 liberi
1335 2171 1377 2234 δὲ

201 2289 233 2341 15
251 2273 363 2350 πάντες
384 2275 413 2338 οί
434 2272 599 2348 κατιόντες.
623 2275 657 2334 τό
681 2273 716 2332 δ’
738 2271 902 2357 εἰρημένον
924 2273 971 2335 ότι
991 2273 1011 2358 ἡ
1033 2272 1161 2358 τελευτὴ
1184 2275 1240 2336 τοῦ
1253 2273 1376 2354 γονέως

248 2373 451 2447 αὐτεξούσιον
479 2374 644 2458 δείκνυσιί)
674 2375 725 2436 τὸν
753 2372 849 2436 παῖδα
877 2371 939 2460 ἔχει
966 2373 1031 2436 τινὰ
1058 2373 1212 2446 διάστιξιν.
1262 2373 1290 2437 ελ
1312 2375 1375 2460 μὲν

248 2478 309 2562 γὰρ
331 2481 433 2566 πατὴρ
460 2473 546 2542 ἐστιν
568 2478 587 2539 δ
610 2474 847 2560 τελευτῆσαςί),
870 2475 1002 2562 ἀμάχως
1030 2476 1047 2537 ό
1077 2477 1143 2550 υίὸς
1164 2477 1212 2538 καὶ
1232 2477 1252 2562 ἡ
1275 2475 1377 2558 θυγά-

248 2602 307 2665 τηρ
330 2579 522 2652 αύτεξούσιοι
538 2578 679 2658 γίνονται.
689 2579 716 2643 ³)
737 2578 980 2664 τελευτήσαντος
1002 2575 1070 2658 δὲί)
1094 2578 1228 2655 πάππου,
1245 2576 1282 2640 ού
1298 2579 1376 2641 πάν·

248 2702 310 2756 τως
324 2682 353 2744 ot
368 2679 486 2762 ἔκγονοι
500 2683 549 2744 καλ
565 2681 596 2743 αἱ
610 2680 764 2762 ἐηόναιὸ)
781 2677 974 2751 αότεξούσιοι
989 2677 1139 2759 γίνονται·
1156 2679 1207 2742 δεῖ
1225 2679 1286 2764 γὰρ
1303 2702 1377 2742 σκο-

198 2807 233 2860 2⁰
251 2786 317 2845 πεῖν
340 2785 391 2846 τόν
413 2785 520 2867 καιρὸν
543 2787 598 2868 τῆς
621 2787 674 2848 τοῦ
696 2783 822 2845 πάππου
842 2781 999 2866 τελευτῆς.
1043 2781 1092 2842 καί
1113 2779 1141 2843 ελ
1163 2781 1222 2865 μὲν
1252 2780 1375 2867 εὑρεθῇ

250 2887 284 2949 τὸ
305 2884 401 2966 μέσον
424 2883 606 2965 πρόσωπον,
630 2883 826 2948 τουτέοτινό
856 2883 920 2957 υίὸς
949 2881 1147 2960 όπεξούσιος,
1177 2883 1206 2944 ot
1228 2881 1262 2945 δ’
1286 2881 1377 2966 ἔκγο-

250 3009 297 3050 νοι
316 2985 388 3050 κατ’
411 2983 604 3049 ἐκεῖνοντὸν
622 2985 739 3073 χρόνον
761 2984 939 3056 υπεξούσιοι
961 2990 1006 3070 τῷ
1027 2987 1143 3067 πάππῳ
1165 2982 1241 3048 καθ’
1264 2983 1300 3046 δν
1324 3006 1371 3048 τε·

249 3089 344 3174 λευτᾷ
366 3085 489 3152 ἔσονται
510 3086 543 3150 in
564 3086 762 3169 potestateo
786 3087 832 3171 τῷ
854 3087 947 3169 πατρὶ
964 3085 1205 3172 τελευτήσαντος
1218 3088 1275 3151 τοῦ
1295 3087 1376 3149 πάπ-

249 3213 309 3256 που
331 3192 359 3256 οί
380 3187 516 3274 ἔκγονοι·
547 3192 794 3273 μεταπεοοῦνται
814 3187 875 3273 γὰρ
898 3189 941 3262 είς
963 3189 1017 3273 τὴν
1038 3196 1096 3252 τοῦ
1115 3186 1230 3252 οδτείου
1252 3189 1371 3270 πατρὸς

196 3313 231 3366 25
249 3291 504 3376 δπεξουσιότητα.
550 3289 577 3352 εί
599 3289 635 3353 δὲ
657 3291 674 3352 ό
695 3289 793 3374 μέσος
814 3286 834 3374 ἢ
858 3288 1105 3373 προετελεύτησε
1127 3293 1182 3352 τοῦ
1209 3289 1327 3371 πατρὸς
1348 3287 1368 3372 ἢ

247 3397 304 3479 τῆς
326 3392 586 3478 δπεξουσιότητος
607 3389 704 3456 αὐτοῦ
723 3388 949 3478 ἠλευθερώθη,
979 3388 1048 3452 τότε
1071 3389 1100 3452 οἱ
1121 3385 1240 3471 ἔκγονοι
1261 3387 1369 3475 ἐπειδὴ

248 3494 284 3557 οὐ
303 3494 544 3577 μεταπίπτουοιν
573 3492 618 3567 είς
645 3493 698 3577 τὴν
728 3490 872 3577 ἑτέρουῦ)
902 3489 1149 3575 όπεξουσιότητα
1177 3488 1369 3562 αότεξούσιοι

247 3596 422 3679 γίνονταιθ).
468 3599 495 3658 1.
528 3592 648 3657 Διαλύει
669 3592 706 3657 δὲ
715 3594 753 3676 ¹⁰)
784 3592 837 3678 τὴν
866 3591 943 3655 κατὰ
974 3594 1027 3655 τοῦ
1056 3591 1166 3667 παιδὸς
1188 3587 1367 3664 ὑπεξουσιό·
1391 3596 1419 3646 l.

315 3767 338 3830 1)
358 3765 444 3824 ποίοις
461 3762 576 3829 τρόποις
593 3761 626 3813 τδ
645 3759 808 3822 όπεξοόσιον
828 3758 966 3812 διαλύεται
983 3757 1045 3813 εδδ.
1063 3757 1131 3812 libri.
1236 3759 1259 3829 λ)
1277 3760 1369 3816 addidi

247 3850 348 3905 exal.
366 3850 396 3903 P.
510 3849 534 3915 ⁸)
552 3848 627 3899 ποιεῖ
642 3845 670 3898 Ρ.
777 3847 801 3913 ⁴)
822 3847 908 3897 -τόιν
928 3843 958 3897 Ρ.
1100 3845 1124 3909 ³)
1141 3847 1192 3897 τοῦ
1209 3845 1257 3898 ins
1277 3845 1369 3900 vta

246 3933 312 4001 ⁶)d.
331 3934 422 3988 Herm.
496 3935 519 4000 λ)
539 3930 697 3992 όπεξοόσιοι
714 3930 777 3998 Epi.
794 3929 864 3997 Epa.
881 3928 978 3984 Prooh.
995 3929 1060 3983 Har.
1073 3927 1106 3982 Β.
1181 3930 1205 4000 ⁸)
1223 3931 1310 3984 αὐτοῦ
1327 3929 1369 3986 Vi.

247 4018 280 4073 R.
381 4017 405 4084 9)
421 4017 585 4087 γενήσονται
602 4015 645 4070 vi.
662 4014 695 4069 R.
797 4016 833 4081 ¹⁰)
850 4012 876 4067 d.
895 4014 925 4068 P.

314 4103 342 4172 a)
359 4101 422 4169 Epi.
440 4106 465 4169 5,
483 4104 508 4156 6.
552 4101 621 4168 Epa.
643 4103 687 4167 31,
704 4104 770 4167 δυο.
814 4098 970 4168 stochas,
993 4105 1014 4155 1.
1057 4100 1119 4155 Bas.
1135 4105 1179 4171 31,
1197 4106 1222 4169 4,
1243 4106 1309 4172 lsq.
1328 4105 1371 4174 [ot

246 4187 328 4258 synt
347 4201 433 4255 usque
450 4186 486 4242 sd
502 4185 552 4242 Th.
573 4190 597 4250 l,
617 4188 658 4249 12,
675 4188 701 4240 9.
736 4183 830 4242 Herm.
849 4188 872 4248 1,
892 4187 932 4240 17.
950 4187 977 4240 2.
