3022 4884
559 417 792 482 -132-

112 607 163 666 cst
185 603 405 683 usucapionem
428 624 489 672 non
512 605 680 688 procedere
702 624 758 688 per
780 605 969 672 anteriorem
998 607 1166 685 rationem,
1187 606 1235 672 id·

116 725 165 785 est
186 722 261 801 quia
283 723 365 788 mala
385 722 447 789 fide
467 723 491 789 ii
513 724 683 805 possident,
707 732 864 790 nonerunt
886 725 968 790 enirn
990 743 1056 790 ram
1084 725 1233 792 furtiuam

113 845 169 905 aut
190 839 224 905 ui
245 860 421 934 possessam
445 862 523 909 osse.
570 843 619 908 sin
641 851 747 909 antem
770 850 878 926 raptor
900 850 956 910 aut
978 843 1030 910 iur
1051 863 1117 911 rem
1140 845 1234 910 alicui

113 963 241 1026 tradant
262 962 344 1028 bona
365 962 426 1028 fide
447 963 614 1044 accipienti
636 969 711 1029 tunc
733 965 817 1046 quod
847 929 888 1030 ad
917 966 1051 1046 priorem
1074 965 1235 1046 quaestio·

111 1099 193 1160 nem,
215 1101 287 1148 cum
308 1102 374 1149 rem
403 1084 485 1150 bona
513 1083 574 1150 fide
603 1103 765 1166 possessor
794 1085 946 1164 detineat,
977 1105 1036 1150 non
1065 1085 1234 1166 impeditur
1268 1089 1284 1142 t

111 1201 280 1283 usucapio:
310 1209 359 1268 εει
385 1223 442 1284 per
463 1203 575 1268 uitium
604 1203 651 1269 rei
680 1190 811 1270 haerens
840 1203 1043 1285 impediatur,
1073 1211 1123 1268 est
1149 1203 1232 1268 enim

110 1318 231 1386 furtirm
251 1328 308 1386 aut
330 1323 362 1386 ui
382 1340 536 1403 possessa.
581 1328 613 1388 ot
635 1321 710 1404 quid
732 1327 781 1388 est
808 1321 981 1388 furtiuum?
1008 1323 1160 1388 furtiuum
1183 1329 1233 1388 ast

110 1457 173 1503 non
196 1438 288 1505 modo
309 1440 461 1522 quidquid
475 1447 569 1506 noctu
592 1441 643 1507 uel
665 1441 720 1506 diu
742 1441 819 1506 clam
842 1441 1046 1523 subripiatur,
1069 1446 1118 1506 set
1139 1458 1233 1523 quao-

110 1563 172 1638 que
194 1575 246 1622 res
267 1559 388 1623 mobilis
410 1558 520 1636 aliena,
542 1558 646 1624 inuito
669 1558 810 1638 domino,
840 1564 1043 1624 contrectata.
1095 1564 1233 1623 contrec-

111 1685 180 1741 tare
210 1684 259 1742 est
285 1678 384 1742 instar
411 1679 526 1744 domini
554 1677 587 1743 in
617 1698 652 1743 ro
679 1679 800 1744 uersari
828 1685 861 1743 et
893 1679 924 1741 in
954 1696 991 1742 aa
1020 1676 1123 1742 iacere
1151 1694 1231 1757 quas
1251 1674 1283 1726 ¹⁰

111 1797 267 1860 dominum
280 1797 400 1862 decent.
422 1804 471 1862 εει
482 1798 511 1862 si
526 1815 606 1880 quae
622 1796 755 1861 diximus
771 1816 848 1862 uera
863 1802 946 1874 sunt,
959 1813 1118 1880 nunquam
1130 1796 1232 1861 aliena

110 1933 160 1979 ras
184 1917 322 1996 usucapi
336 1921 452 1997 potest:
476 1917 610 2000 quisque
632 1918 713 1981 enim
741 1934 807 1981 rem
830 1915 963 1981 alienam
977 1915 1117 1996 possidet
1131 1916 1231 1981 inuito

111 2036 246 2112 domino,
270 2041 459 2117 contrectat3
482 2035 531 2100 sin
554 2043 659 2100 autem
687 2033 788 2100 inuito
811 2034 936 2100 domino
958 2054 1024 2100 rem
1046 2041 1230 2113 contrectat,

110 2171 179 2218 eam
205 2154 353 2219 iurtiuam
383 2154 502 2233 reddit,
530 2156 557 2219 si
587 2154 707 2220 furtiua
728 2160 784 2232 est,
813 2155 963 2236 usucapio
990 2172 1050 2218 non
1080 2154 1231 2236 procedit.

111 2276 199 2340 deest
222 2275 337 2355 aliquid
360 2273 531 2340 definitioni
555 2283 586 2339 et
607 2275 784 2340 addendum
812 2281 861 2338 cst
892 2272 1002 2338 »dolo
1025 2273 1170 2351 malo«,
1198 2278 1231 2336 ct
1251 2277 1281 2329 15

111 2389 1231 2473 mmmmmfflmmmmmwm

110 2513 188 2578 clam
212 2513 415 2594 subripiatur,
438 2520 488 2578 set
510 2531 653 2578 omnem
674 2532 751 2578 rem
774 2511 961 2577 mobilem
982 2511 1148 2576 alienam
1172 2511 1231 2574 in-

111 2634 194 2700 uito
218 2632 372 2696 domino
394 2632 534 2698 dolose
557 2637 857 2698 contrectatam.
896 2629 1048 2696 eiusmodi
1072 2630 1153 2695 enim
1176 2629 1230 2696 dc·

72 2764 93 2814 ι.
111 2751 209 2817 finitio
231 2753 355 2835 integra
376 2759 433 2818 εει
478 2754 509 2814 4.
544 2751 599 2818 Set
619 2750 668 2816 his
690 2769 816 2832 quoquo
842 2750 977 2829 additis,
1007 2749 1135 2816 uidetur
1157 2767 1231 2815 usu·

110 2872 199 2964 capio
220 2890 281 2936 non
304 2871 481 2951 procedere.
525 2871 646 2951 siquis
669 2872 750 2936 enim
772 2869 906 2936 alienam
933 2887 998 2936 rem
1022 2869 1162 2950 possidet
1182 2869 1230 2936 in-
1247 2879 1282 2931 aa

111 2991 177 3056 nito
200 2991 333 3069 domino,
357 2991 427 3055 dolo
449 2991 531 3056 malo
554 3009 622 3056 eam
644 2995 827 3068 contrectat,
850 2990 982 3071 ideoque
997 2987 1145 3054 turtiuam
1161 3007 1229 3054 eam

111 3109 223 3174 reddit.
267 3116 317 3176 set
338 3111 370 3174 id
392 3129 501 3175 uerum
525 3129 585 3174 non
608 3117 670 3175 est:
694 3115 798 3191 potest
819 3109 900 3176 enim
923 3107 994 3191 quis
1016 3127 1082 3174 rem
1096 3106 1229 3173 alienam

111 3228 210 3294 inuito
232 3229 358 3295 domino
380 3235 576 3295 contrectare
603 3248 660 3296 nec
689 3239 793 3295 tamon
819 3227 938 3295 furtum
965 3228 1132 3293 admittere
1159 3244 1229 3292 cum

113 3349 217 3416 doloso
237 3371 299 3418 non
326 3358 401 3436 agat
427 3358 463 3417 ut
491 3351 525 3416 in
555 3352 706 3417 eiusmodi
735 3369 820 3418 casu.
870 3350 951 3415 Titio
981 3366 1084 3414 meum
1114 3345 1229 3412 librum
