3058 4890
592 421 823 486 ...228-

97 623 193 674 snex
215 607 339 672 altero
367 610 534 674 semisse
560 609 677 674 heres
705 616 799 675 esto.
849 603 900 674 35.
934 610 1010 674 Post
1036 610 1160 676 heredis
1188 599 1269 677 mer·

150 732 213 790 tem
236 725 287 792 uel
309 735 532 806 postmortem
554 728 700 809 legatarii
728 728 883 794 inutiliter
909 729 1096 812 relinquitur
1122 730 1269 810 legatum,

150 845 248 910 ueluti
270 847 296 910 si
320 849 512 930 quisdicat:
536 867 617 914 cum
640 848 754 913 heres
774 867 880 914 meus
908 819 1083 914 m'ortuus
1107 857 1183 914 erit
1204 848 1270 914 illi
1296 857 1298 862 '

151 961 175 1027 (l
198 943 350 1030 solidos
372 965 468 1047 lego.
492 987 565 1030 narn
587 970 660 1033 uiuo
683 969 798 1034 herede
820 967 957 1050 legatum
979 968 1044 1048 peti
1067 987 1127 1033 non
1150 977 1268 1052 putest;

150 1091 222 1163 post
243 1103 319 1150 uero
342 1085 409 1150 eius
432 1092 572 1164 mortem,
595 1067 634 1151 ue
655 1088 696 1152 ab
711 1087 778 1154 elus
793 1087 908 1152 herede
922 1089 1046 1169 quidem
1068 1089 1133 1169 peti
1154 1089 1271 1170 poterit
1304 1097 1321 1146 ὀ

150 1209 278 1284 propter
303 1203 382 1270 iuris
404 1206 554 1285 regulam,
576 1208 741 1288 quaestio
764 1226 844 1289 quae
865 1209 1018 1272 aduersus
1047 1226 1102 1272 uos
1131 1208 1272 1289 coeperit

149 1325 183 1386 in
203 1324 334 1389 heredes
356 1332 479 1391 nostros
501 1345 563 1392 non
586 1327 708 1390 transit.
736 1328 817 1392 idem
836 1334 869 1392 et
890 1319 921 1392 ln
944 1326 1113 1409 legatariis.
1148 1345 1220 1390 nam
1243 1328 1271 1392 si

152 1443 267 1508 dicam:
296 1442 426 1510 Primo
456 1463 540 1510 aum
568 1454 746 1511 mortuus
775 1447 853 1512 erit
881 1446 1029 1512 solidos
1052 1444 1201 1527 elego,
1225 1446 1271 1510 iu-

152 1561 230 1626 utile
253 1563 313 1627 erit
340 1563 487 1644 legatum.
536 1581 637 1644 neque
666 1566 747 1630 enirn
777 1565 845 1647 ipse
873 1573 981 1647 petere
1010 1573 1114 1646 potest
1143 1574 1271 1646 propter

151 1684 311 1748 testatoris
339 1683 450 1763 uerba,
480 1704 581 1767 neque
607 1684 705 1767 ipsius
738 1686 830 1751 lieres
857 1693 984 1767 propter
1017 1685 1095 1749 iuris
1129 1683 1270 1765 regulam
1290 1687 1323 1739 10

151 1804 317 1886 quaaetio
340 1804 469 1869 anobis
499 1822 559 1868 non
589 1812 699 1886 coepta
725 1806 756 1870 iu
784 1805 915 1870 heredes
944 1812 1068 1869 nostros
1098 1822 1159 1869 non
1187 1812 1272 1869 tran·

151 1922 201 1986 sit.
232 1928 281 1987 set
296 1923 468 2004 sipridie
489 1940 597 2003 quam
619 1925 734 1988 heres
756 1923 808 1990 uel
829 1942 942 2004 quam
965 1923 1182 2004 legatarius
1205 1942 1272 1988 rno-

151 2043 283 2107 rietur
303 2044 441 2123 legatum
464 2046 518 2121 sit,
545 2045 658 2110 lnutile
688 2045 750 2110 erit
777 2045 923 2126 legatum.
974 2044 1072 2109 ueluti
1100 2045 1125 2109 si
1157 2044 1270 2108 dicam:

151 2161 284 2243 pridie
311 2181 421 2246 quam
450 2164 567 2229 heres
596 2184 701 2230 meus
731 2165 925 2230 morietur
955 2165 1007 2228 uel
1035 2162 1166 2228 Titius
1195 2180 1269 2228 mo·

152 2283 301 2360 rietur,
325 2283 427 2350 Titio
451 2282 476 2348 G
498 2285 655 2350 solidos
677 2282 773 2365 lego.
823 2303 884 2348 non
912 2284 992 2348 enim
1019 2283 1117 2365 liquet
1145 2283 1270 2364 quando
1291 2291 1323 2343 15
1350 2347 1352 2354 Α

152 2403 253 2482 pridie
276 2419 370 2482 quam
397 2404 467 2483 quis
494 2405 647 2468 moriatur
676 2403 733 2476 sit3
761 2412 833 2484 post
860 2410 990 2467 mortem
1019 2421 1094 2467 uero
1124 2402 1272 2482 praeteri·

153 2530 220 2586 tum
244 2530 368 2602 tempus
394 2522 596 2603 respicientes
624 2522 755 2588 dicimus
777 2525 924 2586 hesterna
953 2521 1020 2587 dies
1048 2522 1150 2610 pridie
1178 2538 1271 2603 quani

153 2649 327 2708 moreretur
348 2642 422 2716 luit;
445 2651 478 2708 et
499 2660 569 2709 cum
584 2641 618 2707 id
640 2661 678 2708 ex
693 2649 792 2708 morte
809 2642 1025 2707 tantummodo
1040 2657 1272 2722 cognoscamus

154 2761 282 2842 perinde
304 2763 457 2826 estetsi
480 2769 551 2841 post
573 2768 702 2825 mortem
725 2761 863 2840 legatum
885 2758 990 2824 fuerit.
1028 2767 1076 2824 set
1099 2759 1175 2824 haec
1197 2775 1273 2841 quo-

153 2898 217 2961 que
248 2881 463 2946 emendatione
490 2882 636 2960 diguatus
663 2887 712 2945 est
727 2879 956 2945 ¹sanctissimus
983 2878 1127 2960 princeps
1156 2885 1271 2954 noster,
1290 2875 1324 2926 2⁰

153 2995 331 3065 firmitatem
354 3000 532 3065 huiusmodi
554 2997 668 3081 legatis
698 3001 738 3064 ad
765 2997 999 3064 similitudinem
1021 2995 1273 3063 fideicommisso-

154 3137 224 3184 nem
248 3125 421 3198 praestans.
465 3139 545 3202 quae
568 3122 650 3185 enlm
679 3118 726 3184 ita
754 3117 1005 3201 relinquerentur
1033 3115 1272 3182 fideicommissa

153 3245 279 3304 ueteres
302 3239 517 3314 admittebant,
540 3239 644 3320 legata
666 3245 859 3321 respuentes.
905 3239 1011 3318 itaque
1034 3235 1119 3302 nulla
1140 3235 1273 3316 amplius

154 3359 206 3423 uel
226 3357 260 3422 in
282 3360 340 3424 hoc
363 3377 438 3424 casu
458 3359 631 3438 legatorum
654 3357 788 3441 fideique
810 3356 1045 3425 commissorum
1067 3362 1117 3421 est
1132 3354 1275 3420 differes«
