<?xml version="1.0" encoding="UTF-8"?>
<!DOCTYPE html PUBLIC "-//W3C//DTD XHTML 1.0 Transitional//EN"
    "http://www.w3.org/TR/xhtml1/DTD/xhtml1-transitional.dtd">
<html xmlns="http://www.w3.org/1999/xhtml" xml:lang="en" lang="en">
 <head>
  <title>
</title>
<meta http-equiv="Content-Type" content="text/html;charset=utf-8" />
  <meta name='ocr-system' content='tesseract 3.04.00' />
  <meta name='ocr-capabilities' content='ocr_page ocr_carea ocr_par ocr_line ocrx_word'/>
</head>
<body>
  <div class='ocr_page' id='page_1' title='image "./institutionumgr00linggoog_0283.png"; bbox 0 0 3022 4884; ppageno 0'>
   <div class='ocr_carea' id='block_1_1' title="bbox 539 431 772 496">
    <p class='ocr_par' dir='ltr' id='par_1_1' title="bbox 539 431 772 496">
     <span class='ocr_line' id='line_1_1' title="bbox 539 431 772 496; baseline 0.009 -2"><span class='ocrx_word' id='word_1_1' title='bbox 539 431 772 496; x_wconf 77' lang='lat'>-125-</span> 
     </span>
    </p>
   </div>
   <div class='ocr_carea' id='block_1_2' title="bbox 64 614 1274 3524">
    <p class='ocr_par' dir='ltr' id='par_1_2' title="bbox 70 614 1273 1760">
     <span class='ocr_line' id='line_1_2' title="bbox 70 614 1220 700; baseline -0.004 -15"><span class='ocrx_word' id='word_1_2' title='bbox 70 635 93 685; x_wconf 91' lang='lat'><strong>1.</strong></span> <span class='ocrx_word' id='word_1_3' title='bbox 112 618 302 700; x_wconf 81' lang='lat' dir='ltr'><strong>extinguitur.</strong></span> <span class='ocrx_word' id='word_1_4' title='bbox 347 621 376 682; x_wconf 93' lang='lat' dir='ltr'><strong>l.</strong></span> <span class='ocrx_word' id='word_1_5' title='bbox 410 618 532 700; x_wconf 79' lang='lat' dir='ltr'>Recipit</span> <span class='ocrx_word' id='word_1_6' title='bbox 553 616 752 685; x_wconf 79' lang='lat' dir='ltr'>ususfructus</span> <span class='ocrx_word' id='word_1_7' title='bbox 781 633 801 681; x_wconf 90' lang='lat' dir='ltr'><strong>a</strong></span> <span class='ocrx_word' id='word_1_8' title='bbox 830 614 1023 698; x_wconf 77' lang='lat' dir='ltr'><strong>proprietate</strong></span> <span class='ocrx_word' id='word_1_9' title='bbox 1050 615 1220 697; x_wconf 87' lang='lat' dir='ltr'><strong>separatio·</strong></span> 
     </span>
     <span class='ocr_line' id='line_1_3' title="bbox 111 731 1220 819; baseline -0.005 -19"><span class='ocrx_word' id='word_1_10' title='bbox 111 753 187 815; x_wconf 84' lang='lat' dir='ltr'><strong>nem3</strong></span> <span class='ocrx_word' id='word_1_11' title='bbox 207 736 302 819; x_wconf 85' lang='lat' dir='ltr'><strong>idque</strong></span> <span class='ocrx_word' id='word_1_12' title='bbox 324 736 466 818; x_wconf 91' lang='lat' dir='ltr'><strong>plurimis</strong></span> <span class='ocrx_word' id='word_1_13' title='bbox 487 735 588 801; x_wconf 87' lang='lat' dir='ltr'><strong>modis</strong></span> <span class='ocrx_word' id='word_1_14' title='bbox 611 733 731 801; x_wconf 87' lang='lat' dir='ltr'><strong>accidit</strong></span> <span class='ocrx_word' id='word_1_15' title='bbox 780 739 816 799; x_wconf 92' lang='lat' dir='ltr'><strong>ut</strong></span> <span class='ocrx_word' id='word_1_16' title='bbox 844 751 916 800; x_wconf 90' lang='lat' dir='ltr'><strong>ecce</strong></span> <span class='ocrx_word' id='word_1_17' title='bbox 943 733 1046 815; x_wconf 83' lang='lat' dir='ltr'><strong>tegani</strong></span> <span class='ocrx_word' id='word_1_18' title='bbox 1073 731 1130 797; x_wconf 89' lang='lat' dir='ltr'><strong>tibi</strong></span> <span class='ocrx_word' id='word_1_19' title='bbox 1160 732 1220 798; x_wconf 93' lang='lat' dir='ltr'><strong>mei</strong></span> 
     </span>
     <span class='ocr_line' id='line_1_4' title="bbox 109 850 1221 934; baseline -0.001 -17"><span class='ocrx_word' id='word_1_20' title='bbox 109 851 188 918; x_wconf 84' lang='lat' dir='ltr'><strong>funii</strong></span> <span class='ocrx_word' id='word_1_21' title='bbox 208 855 453 933; x_wconf 83' lang='lat' dir='ltr'><strong>usumfructum,</strong></span> <span class='ocrx_word' id='word_1_22' title='bbox 475 855 526 919; x_wconf 92' lang='lat' dir='ltr'><strong>uel</strong></span> <span class='ocrx_word' id='word_1_23' title='bbox 553 858 664 919; x_wconf 88' lang='lat' dir='ltr'><strong>contra</strong></span> <span class='ocrx_word' id='word_1_24' title='bbox 691 851 821 916; x_wconf 87' lang='lat' dir='ltr'><strong>fundum</strong></span> <span class='ocrx_word' id='word_1_25' title='bbox 851 851 909 918; x_wconf 90' lang='lat' dir='ltr'><strong>tibi</strong></span> <span class='ocrx_word' id='word_1_26' title='bbox 937 851 1056 934; x_wconf 85' lang='lat' dir='ltr'><strong>legeui,</strong></span> <span class='ocrx_word' id='word_1_27' title='bbox 1087 850 1221 917; x_wconf 87' lang='lat' dir='ltr'><strong>deducto</strong></span> 
     </span>
     <span class='ocr_line' id='line_1_5' title="bbox 108 968 1223 1056; baseline 0.001 -24"><span class='ocrx_word' id='word_1_28' title='bbox 108 968 273 1038; x_wconf 88' lang='lat' dir='ltr'><strong>usufructu.</strong></span> <span class='ocrx_word' id='word_1_29' title='bbox 297 975 329 1038; x_wconf 88' lang='lat' dir='ltr'><strong>et</strong></span> <span class='ocrx_word' id='word_1_30' title='bbox 343 973 388 1038; x_wconf 89' lang='lat' dir='ltr'><strong>ita</strong></span> <span class='ocrx_word' id='word_1_31' title='bbox 402 972 572 1056; x_wconf 85' lang='lat' dir='ltr'><strong>legatarius</strong></span> <span class='ocrx_word' id='word_1_32' title='bbox 587 971 756 1036; x_wconf 90' lang='lat' dir='ltr'><strong>dominium</strong></span> <span class='ocrx_word' id='word_1_33' title='bbox 771 971 875 1048; x_wconf 78' lang='lat' dir='ltr'><strong>habet,</strong></span> <span class='ocrx_word' id='word_1_34' title='bbox 891 970 982 1036; x_wconf 91' lang='lat' dir='ltr'><strong>heres</strong></span> <span class='ocrx_word' id='word_1_35' title='bbox 996 975 1103 1034; x_wconf 90' lang='lat' dir='ltr'><strong>autem</strong></span> <span class='ocrx_word' id='word_1_36' title='bbox 1118 987 1223 1034; x_wconf 91' lang='lat' dir='ltr'><strong>usum·</strong></span> 
     </span>
     <span class='ocr_line' id='line_1_6' title="bbox 106 1085 1273 1168; baseline -0.002 -16"><span class='ocrx_word' id='word_1_37' title='bbox 106 1086 244 1154; x_wconf 82' lang='lat' dir='ltr'><strong>fructum.</strong></span> <span class='ocrx_word' id='word_1_38' title='bbox 289 1087 341 1154; x_wconf 92' lang='lat' dir='ltr'><strong>uel</strong></span> <span class='ocrx_word' id='word_1_39' title='bbox 363 1107 401 1154; x_wconf 85' lang='lat' dir='ltr'><strong>ex</strong></span> <span class='ocrx_word' id='word_1_40' title='bbox 422 1089 548 1154; x_wconf 81' lang='lat' dir='ltr'><strong>diuerso</strong></span> <span class='ocrx_word' id='word_1_41' title='bbox 570 1089 623 1155; x_wconf 81' lang='lat' dir='ltr'><strong>elii</strong></span> <span class='ocrx_word' id='word_1_42' title='bbox 651 1087 880 1154; x_wconf 81' lang='lat' dir='ltr'><strong>usumfructum</strong></span> <span class='ocrx_word' id='word_1_43' title='bbox 908 1086 1037 1168; x_wconf 80' lang='lat' dir='ltr'><strong>legasti,</strong></span> <span class='ocrx_word' id='word_1_44' title='bbox 1065 1085 1118 1151; x_wconf 89' lang='lat' dir='ltr'><strong>alii</strong></span> <span class='ocrx_word' id='word_1_45' title='bbox 1145 1103 1222 1152; x_wconf 92' lang='lat' dir='ltr'><strong>uero</strong></span> <span class='ocrx_word' id='word_1_46' title='bbox 1256 1101 1273 1150; x_wconf 82' lang='lat' dir='ltr'><strong>s</strong></span> 
     </span>
     <span class='ocr_line' id='line_1_7' title="bbox 105 1205 1220 1286; baseline -0.001 -18"><span class='ocrx_word' id='word_1_47' title='bbox 105 1205 331 1286; x_wconf 86' lang='lat' dir='ltr'><strong>proprietatem.</strong></span> <span class='ocrx_word' id='word_1_48' title='bbox 376 1211 409 1272; x_wconf 92' lang='lat' dir='ltr'><strong>et</strong></span> <span class='ocrx_word' id='word_1_49' title='bbox 430 1206 506 1272; x_wconf 90' lang='lat' dir='ltr'><strong>haec</strong></span> <span class='ocrx_word' id='word_1_50' title='bbox 527 1206 559 1271; x_wconf 92' lang='lat' dir='ltr'><strong>in</strong></span> <span class='ocrx_word' id='word_1_51' title='bbox 582 1209 789 1285; x_wconf 76' lang='lat' dir='ltr'><strong>testamento,</strong></span> <span class='ocrx_word' id='word_1_52' title='bbox 814 1206 882 1271; x_wconf 90' lang='lat' dir='ltr'><strong>sine</strong></span> <span class='ocrx_word' id='word_1_53' title='bbox 904 1209 1093 1270; x_wconf 88' lang='lat' dir='ltr'><strong>testamento</strong></span> <span class='ocrx_word' id='word_1_54' title='bbox 1115 1207 1220 1270; x_wconf 87' lang='lat' dir='ltr'><strong>autem</strong></span> 
     </span>
     <span class='ocr_line' id='line_1_8' title="bbox 104 1321 1221 1410; baseline 0 -24"><span class='ocrx_word' id='word_1_55' title='bbox 104 1323 131 1386; x_wconf 91' lang='lat' dir='ltr'><strong>si</strong></span> <span class='ocrx_word' id='word_1_56' title='bbox 148 1323 218 1404; x_wconf 86' lang='lat' dir='ltr'><strong>quis</strong></span> <span class='ocrx_word' id='word_1_57' title='bbox 240 1322 319 1388; x_wconf 89' lang='lat' dir='ltr'><strong>uelit</strong></span> <span class='ocrx_word' id='word_1_58' title='bbox 340 1322 393 1390; x_wconf 86' lang='lat' dir='ltr'><strong>ulii</strong></span> <span class='ocrx_word' id='word_1_59' title='bbox 416 1323 642 1410; x_wconf 80' lang='lat' dir='ltr'><strong>usumfructum</strong></span> <span class='ocrx_word' id='word_1_60' title='bbox 664 1325 863 1402; x_wconf 89' lang='lat' dir='ltr'><strong>constituere,</strong></span> <span class='ocrx_word' id='word_1_61' title='bbox 891 1323 1085 1403; x_wconf 79' lang='lat' dir='ltr'><strong>pactionibus</strong></span> <span class='ocrx_word' id='word_1_62' title='bbox 1114 1328 1146 1388; x_wconf 93' lang='lat' dir='ltr'><strong>et</strong></span> <span class='ocrx_word' id='word_1_63' title='bbox 1167 1321 1221 1386; x_wconf 90' lang='lat' dir='ltr'><strong>sti·</strong></span> 
     </span>
     <span class='ocr_line' id='line_1_9' title="bbox 103 1439 1220 1520; baseline -0.001 -16"><span class='ocrx_word' id='word_1_64' title='bbox 103 1439 311 1520; x_wconf 86' lang='lat' dir='ltr'><strong>palationibus</strong></span> <span class='ocrx_word' id='word_1_65' title='bbox 333 1439 364 1505; x_wconf 89' lang='lat' dir='ltr'><strong>id</strong></span> <span class='ocrx_word' id='word_1_66' title='bbox 387 1441 489 1507; x_wconf 88' lang='lat' dir='ltr'><strong>facere</strong></span> <span class='ocrx_word' id='word_1_67' title='bbox 512 1441 614 1508; x_wconf 90' lang='lat' dir='ltr'><strong>debet.</strong></span> <span class='ocrx_word' id='word_1_68' title='bbox 644 1462 684 1508; x_wconf 92' lang='grc' dir='ltr'><strong>ιιε</strong></span> <span class='ocrx_word' id='word_1_69' title='bbox 706 1448 810 1508; x_wconf 87' lang='lat' dir='ltr'><strong>autem</strong></span> <span class='ocrx_word' id='word_1_70' title='bbox 833 1442 865 1506; x_wconf 93' lang='lat' dir='ltr'><strong>in</strong></span> <span class='ocrx_word' id='word_1_71' title='bbox 889 1441 1071 1507; x_wconf 89' lang='lat' dir='ltr'><strong>uniuersum</strong></span> <span class='ocrx_word' id='word_1_72' title='bbox 1093 1439 1220 1506; x_wconf 91' lang='lat' dir='ltr'><strong>inutiles</strong></span> 
     </span>
     <span class='ocr_line' id='line_1_10' title="bbox 103 1557 1221 1642; baseline 0.001 -19"><span class='ocrx_word' id='word_1_73' title='bbox 103 1564 204 1624; x_wconf 90' lang='lat' dir='ltr'><strong>esseut</strong></span> <span class='ocrx_word' id='word_1_74' title='bbox 225 1559 434 1639; x_wconf 86' lang='lat' dir='ltr'><strong>proprietates</strong></span> <span class='ocrx_word' id='word_1_75' title='bbox 456 1578 579 1642; x_wconf 87' lang='lat' dir='ltr'><strong>semper</strong></span> <span class='ocrx_word' id='word_1_76' title='bbox 601 1560 789 1626; x_wconf 85' lang='lat' dir='ltr'><strong>abscedente</strong></span> <span class='ocrx_word' id='word_1_77' title='bbox 810 1559 987 1637; x_wconf 83' lang='lat' dir='ltr'><strong>usufructu,</strong></span> <span class='ocrx_word' id='word_1_78' title='bbox 1010 1557 1130 1641; x_wconf 91' lang='lat' dir='ltr'><strong>placuit</strong></span> <span class='ocrx_word' id='word_1_79' title='bbox 1156 1578 1221 1624; x_wconf 93' lang='lat' dir='ltr'><strong>cer·</strong></span> 
     </span>
     <span class='ocr_line' id='line_1_11' title="bbox 101 1675 1273 1760; baseline 0.002 -21"><span class='ocrx_word' id='word_1_80' title='bbox 101 1676 143 1740; x_wconf 91' lang='lat' dir='ltr'><strong>tis</strong></span> <span class='ocrx_word' id='word_1_81' title='bbox 162 1675 263 1741; x_wconf 91' lang='lat' dir='ltr'><strong>modis</strong></span> <span class='ocrx_word' id='word_1_82' title='bbox 289 1678 428 1760; x_wconf 85' lang='lat' dir='ltr'><strong>extingui</strong></span> <span class='ocrx_word' id='word_1_83' title='bbox 456 1677 684 1743; x_wconf 88' lang='lat' dir='ltr'><strong>usumfructum</strong></span> <span class='ocrx_word' id='word_1_84' title='bbox 712 1684 744 1743; x_wconf 89' lang='lat' dir='ltr'><strong>et</strong></span> <span class='ocrx_word' id='word_1_85' title='bbox 772 1677 812 1743; x_wconf 89' lang='lat' dir='ltr'><strong>ad</strong></span> <span class='ocrx_word' id='word_1_86' title='bbox 842 1678 1065 1760; x_wconf 88' lang='lat' dir='ltr'><strong>proprietatem</strong></span> <span class='ocrx_word' id='word_1_87' title='bbox 1092 1676 1219 1743; x_wconf 90' lang='lat' dir='ltr'><strong>reuerti.</strong></span> <span class='ocrx_word' id='word_1_88' title='bbox 1241 1699 1273 1750; x_wconf 90' lang='lat'><strong>10</strong></span> 
     </span>
    </p>

    <p class='ocr_par' dir='ltr' id='par_1_3' title="bbox 64 1792 1274 3524">
     <span class='ocr_line' id='line_1_12' title="bbox 64 1792 1222 1861; baseline 0.001 -3"><span class='ocrx_word' id='word_1_89' title='bbox 64 1810 85 1860; x_wconf 83' lang='lat'><strong>2.</strong></span> <span class='ocrx_word' id='word_1_90' title='bbox 103 1794 132 1856; x_wconf 76' lang='lat'><strong>2.</strong></span> <span class='ocrx_word' id='word_1_91' title='bbox 164 1792 375 1860; x_wconf 74' lang='lat' dir='ltr'><strong>constituitur</strong></span> <span class='ocrx_word' id='word_1_92' title='bbox 397 1799 501 1860; x_wconf 86' lang='lat' dir='ltr'><strong>autem</strong></span> <span class='ocrx_word' id='word_1_93' title='bbox 525 1795 705 1861; x_wconf 89' lang='lat' dir='ltr'><strong>usufructus</strong></span> <span class='ocrx_word' id='word_1_94' title='bbox 728 1813 790 1861; x_wconf 92' lang='lat' dir='ltr'><strong>nou</strong></span> <span class='ocrx_word' id='word_1_95' title='bbox 810 1793 911 1860; x_wconf 91' lang='lat' dir='ltr'><strong>solum</strong></span> <span class='ocrx_word' id='word_1_96' title='bbox 934 1797 966 1860; x_wconf 95' lang='lat' dir='ltr'><strong>in</strong></span> <span class='ocrx_word' id='word_1_97' title='bbox 982 1794 1078 1861; x_wconf 93' lang='lat' dir='ltr'><strong>fundo</strong></span> <span class='ocrx_word' id='word_1_98' title='bbox 1094 1801 1127 1861; x_wconf 90' lang='lat' dir='ltr'><strong>et</strong></span> <span class='ocrx_word' id='word_1_99' title='bbox 1140 1795 1222 1860; x_wconf 91' lang='lat' dir='ltr'><strong>aedi·</strong></span> 
     </span>
     <span class='ocr_line' id='line_1_13' title="bbox 100 1911 1223 1994; baseline 0.003 -19"><span class='ocrx_word' id='word_1_100' title='bbox 100 1912 168 1989; x_wconf 89' lang='lat' dir='ltr'><strong>bus,</strong></span> <span class='ocrx_word' id='word_1_101' title='bbox 190 1918 241 1980; x_wconf 90' lang='lat' dir='ltr'><strong>set</strong></span> <span class='ocrx_word' id='word_1_102' title='bbox 262 1913 356 1977; x_wconf 83' lang='lat' dir='ltr'><strong>etiam</strong></span> <span class='ocrx_word' id='word_1_103' title='bbox 379 1913 410 1976; x_wconf 93' lang='lat' dir='ltr'><strong>in</strong></span> <span class='ocrx_word' id='word_1_104' title='bbox 433 1914 534 1977; x_wconf 88' lang='lat' dir='ltr'><strong>seruis</strong></span> <span class='ocrx_word' id='word_1_105' title='bbox 557 1918 589 1977; x_wconf 88' lang='lat' dir='ltr'><strong>et</strong></span> <span class='ocrx_word' id='word_1_106' title='bbox 614 1911 763 1977; x_wconf 91' lang='lat' dir='ltr'><strong>iumentis</strong></span> <span class='ocrx_word' id='word_1_107' title='bbox 789 1913 964 1994; x_wconf 88' lang='lat' dir='ltr'><strong>ceterisque</strong></span> <span class='ocrx_word' id='word_1_108' title='bbox 991 1912 1085 1978; x_wconf 88' lang='lat' dir='ltr'><strong>rebus</strong></span> <span class='ocrx_word' id='word_1_109' title='bbox 1114 1931 1223 1994; x_wconf 84' lang='lat' dir='ltr'><strong>excep</strong></span> 
     </span>
     <span class='ocr_line' id='line_1_14' title="bbox 100 2028 1222 2113; baseline 0 -19"><span class='ocrx_word' id='word_1_110' title='bbox 100 2032 140 2096; x_wconf 91' lang='lat' dir='ltr'><strong>tis</strong></span> <span class='ocrx_word' id='word_1_111' title='bbox 153 2031 203 2095; x_wconf 91' lang='lat' dir='ltr'><strong>his</strong></span> <span class='ocrx_word' id='word_1_112' title='bbox 218 2046 300 2110; x_wconf 81' lang='lat' dir='ltr'><strong>quae</strong></span> <span class='ocrx_word' id='word_1_113' title='bbox 314 2031 383 2111; x_wconf 93' lang='lat' dir='ltr'><strong>ipso</strong></span> <span class='ocrx_word' id='word_1_114' title='bbox 399 2047 459 2096; x_wconf 92' lang='lat' dir='ltr'><strong>usu</strong></span> <span class='ocrx_word' id='word_1_115' title='bbox 473 2034 706 2096; x_wconf 87' lang='lat' dir='ltr'><strong>consumuntur.</strong></span> <span class='ocrx_word' id='word_1_116' title='bbox 733 2031 766 2095; x_wconf 93' lang='lat' dir='ltr'><strong>iu</strong></span> <span class='ocrx_word' id='word_1_117' title='bbox 787 2030 837 2095; x_wconf 91' lang='lat' dir='ltr'><strong>his</strong></span> <span class='ocrx_word' id='word_1_118' title='bbox 859 2032 940 2096; x_wconf 90' lang='lat' dir='ltr'><strong>enim</strong></span> <span class='ocrx_word' id='word_1_119' title='bbox 962 2048 1064 2113; x_wconf 90' lang='lat' dir='ltr'><strong>neque</strong></span> <span class='ocrx_word' id='word_1_120' title='bbox 1086 2028 1222 2095; x_wconf 86' lang='lat' dir='ltr'><strong>naturali</strong></span> 
     </span>
     <span class='ocr_line' id='line_1_15' title="bbox 100 2148 1222 2233; baseline 0 -21"><span class='ocrx_word' id='word_1_121' title='bbox 100 2165 200 2228; x_wconf 85' lang='lat' dir='ltr'><strong>neque</strong></span> <span class='ocrx_word' id='word_1_122' title='bbox 233 2148 317 2214; x_wconf 91' lang='lat' dir='ltr'><strong>ciuili</strong></span> <span class='ocrx_word' id='word_1_123' title='bbox 347 2149 467 2214; x_wconf 83' lang='lat' dir='ltr'><strong>ratione</strong></span> <span class='ocrx_word' id='word_1_124' title='bbox 495 2154 600 2233; x_wconf 89' lang='lat' dir='ltr'><strong>potest</strong></span> <span class='ocrx_word' id='word_1_125' title='bbox 622 2148 819 2214; x_wconf 89' lang='lat' dir='ltr'><strong>ususfructus</strong></span> <span class='ocrx_word' id='word_1_126' title='bbox 842 2149 1021 2214; x_wconf 89' lang='lat' dir='ltr'><strong>consistere.</strong></span> <span class='ocrx_word' id='word_1_127' title='bbox 1070 2153 1101 2212; x_wconf 92' lang='lat' dir='ltr'><strong>et</strong></span> <span class='ocrx_word' id='word_1_128' title='bbox 1130 2165 1222 2228; x_wconf 83' lang='lat' dir='ltr'><strong>quae-</strong></span> 
     </span>
     <span class='ocr_line' id='line_1_16' title="bbox 99 2265 1273 2346; baseline -0.002 -16"><span class='ocrx_word' id='word_1_129' title='bbox 99 2283 171 2332; x_wconf 86' lang='lat' dir='ltr'><strong>nam</strong></span> <span class='ocrx_word' id='word_1_130' title='bbox 198 2273 273 2332; x_wconf 89' lang='lat' dir='ltr'><strong>sunt</strong></span> <span class='ocrx_word' id='word_1_131' title='bbox 300 2267 452 2332; x_wconf 88' lang='lat' dir='ltr'><strong>eiusmodi</strong></span> <span class='ocrx_word' id='word_1_132' title='bbox 480 2267 555 2333; x_wconf 83' lang='lat' dir='ltr'><strong>res?</strong></span> <span class='ocrx_word' id='word_1_133' title='bbox 588 2274 623 2333; x_wconf 90' lang='lat' dir='ltr'><strong>ut</strong></span> <span class='ocrx_word' id='word_1_134' title='bbox 649 2286 736 2346; x_wconf 89' lang='lat' dir='ltr'><strong>ecce,</strong></span> <span class='ocrx_word' id='word_1_135' title='bbox 769 2268 875 2333; x_wconf 91' lang='lat' dir='ltr'><strong>uinum</strong></span> <span class='ocrx_word' id='word_1_136' title='bbox 903 2266 1005 2332; x_wconf 93' lang='lat' dir='ltr'><strong>oleum</strong></span> <span class='ocrx_word' id='word_1_137' title='bbox 1031 2265 1221 2330; x_wconf 83' lang='lat' dir='ltr'><strong>frumentum</strong></span> <span class='ocrx_word' id='word_1_138' title='bbox 1242 2297 1273 2346; x_wconf 76' lang='lat'><strong>15</strong></span> 
     </span>
     <span class='ocr_line' id='line_1_17' title="bbox 99 2384 1222 2469; baseline -0.002 -19"><span class='ocrx_word' id='word_1_139' title='bbox 99 2386 198 2451; x_wconf 90' lang='lat' dir='ltr'><strong>uestis</strong></span> <span class='ocrx_word' id='word_1_140' title='bbox 220 2386 335 2468; x_wconf 87' lang='lat' dir='ltr'><strong>quibus</strong></span> <span class='ocrx_word' id='word_1_141' title='bbox 356 2388 496 2469; x_wconf 82' lang='lat' dir='ltr'><strong>proxime</strong></span> <span class='ocrx_word' id='word_1_142' title='bbox 518 2393 566 2452; x_wconf 93' lang='lat' dir='ltr'><strong>est</strong></span> <span class='ocrx_word' id='word_1_143' title='bbox 588 2391 751 2453; x_wconf 83' lang='lat' dir='ltr'><strong>numerato</strong></span> <span class='ocrx_word' id='word_1_144' title='bbox 772 2388 921 2468; x_wconf 80' lang='lat' dir='ltr'><strong>pecunfa3</strong></span> <span class='ocrx_word' id='word_1_145' title='bbox 944 2404 1077 2467; x_wconf 86' lang='lat' dir='ltr'><strong>nemque</strong></span> <span class='ocrx_word' id='word_1_146' title='bbox 1098 2384 1131 2449; x_wconf 91' lang='lat' dir='ltr'><strong>iu</strong></span> <span class='ocrx_word' id='word_1_147' title='bbox 1154 2384 1222 2465; x_wconf 91' lang='lat' dir='ltr'><strong>ipso</strong></span> 
     </span>
     <span class='ocr_line' id='line_1_18' title="bbox 99 2502 1221 2586; baseline 0.001 -18"><span class='ocrx_word' id='word_1_148' title='bbox 99 2521 157 2568; x_wconf 92' lang='lat' dir='ltr'><strong>usu</strong></span> <span class='ocrx_word' id='word_1_149' title='bbox 181 2508 214 2568; x_wconf 88' lang='lat' dir='ltr'><strong>st</strong></span> <span class='ocrx_word' id='word_1_150' title='bbox 236 2502 371 2569; x_wconf 85' lang='lat' dir='ltr'><strong>adsidua</strong></span> <span class='ocrx_word' id='word_1_151' title='bbox 391 2504 622 2586; x_wconf 87' lang='lat' dir='ltr'><strong>permutatione</strong></span> <span class='ocrx_word' id='word_1_152' title='bbox 651 2524 688 2570; x_wconf 84' lang='lat' dir='ltr'><strong>ex</strong></span> <span class='ocrx_word' id='word_1_153' title='bbox 715 2506 814 2571; x_wconf 86' lang='lat' dir='ltr'><strong>altero</strong></span> <span class='ocrx_word' id='word_1_154' title='bbox 843 2507 875 2570; x_wconf 95' lang='lat' dir='ltr'><strong>in</strong></span> <span class='ocrx_word' id='word_1_155' title='bbox 904 2503 1038 2570; x_wconf 87' lang='lat' dir='ltr'><strong>alterum</strong></span> <span class='ocrx_word' id='word_1_156' title='bbox 1067 2504 1221 2570; x_wconf 73' lang='lat' dir='ltr'><strong>manslatc</strong></span> 
     </span>
     <span class='ocr_line' id='line_1_19' title="bbox 98 2622 1222 2704; baseline 0.002 -18"><span class='ocrx_word' id='word_1_157' title='bbox 98 2622 329 2701; x_wconf 87' lang='lat' dir='ltr'><strong>quodammodo</strong></span> <span class='ocrx_word' id='word_1_158' title='bbox 351 2622 553 2704; x_wconf 83' lang='lat' dir='ltr'><strong>extinguitur.</strong></span> <span class='ocrx_word' id='word_1_159' title='bbox 597 2639 667 2689; x_wconf 90' lang='lat' dir='ltr'><strong>cum</strong></span> <span class='ocrx_word' id='word_1_160' title='bbox 690 2622 788 2704; x_wconf 89' lang='lat' dir='ltr'><strong>igitur</strong></span> <span class='ocrx_word' id='word_1_161' title='bbox 810 2639 911 2702; x_wconf 83' lang='lat' dir='ltr'><strong>necue</strong></span> <span class='ocrx_word' id='word_1_162' title='bbox 937 2622 1106 2704; x_wconf 87' lang='lat' dir='ltr'><strong>procedere</strong></span> <span class='ocrx_word' id='word_1_163' title='bbox 1128 2624 1159 2687; x_wconf 93' lang='lat' dir='ltr'><strong>in</strong></span> <span class='ocrx_word' id='word_1_164' title='bbox 1182 2623 1222 2688; x_wconf 92' lang='lat' dir='ltr'><strong>is·</strong></span> 
     </span>
     <span class='ocr_line' id='line_1_20' title="bbox 98 2738 1222 2822; baseline 0 -19"><span class='ocrx_word' id='word_1_165' title='bbox 98 2738 166 2805; x_wconf 86' lang='lat' dir='ltr'><strong>dem</strong></span> <span class='ocrx_word' id='word_1_166' title='bbox 198 2740 398 2806; x_wconf 81' lang='lat' dir='ltr'><strong>ususfructus</strong></span> <span class='ocrx_word' id='word_1_167' title='bbox 427 2740 490 2806; x_wconf 91' lang='lat' dir='ltr'><strong>dici</strong></span> <span class='ocrx_word' id='word_1_168' title='bbox 518 2739 633 2822; x_wconf 88' lang='lat' dir='ltr'><strong>possit,</strong></span> <span class='ocrx_word' id='word_1_169' title='bbox 662 2749 788 2807; x_wconf 83' lang='lat' dir='ltr'><strong>senatus</strong></span> <span class='ocrx_word' id='word_1_170' title='bbox 817 2741 994 2807; x_wconf 90' lang='lat' dir='ltr'><strong>consultum</strong></span> <span class='ocrx_word' id='word_1_171' title='bbox 1022 2738 1222 2817; x_wconf 88' lang='lat' dir='ltr'><strong>factumest,</strong></span> 
     </span>
     <span class='ocr_line' id='line_1_21' title="bbox 98 2849 1274 2939; baseline 0.007 -19"><span class='ocrx_word' id='word_1_172' title='bbox 98 2873 158 2936; x_wconf 85' lang='lat' dir='ltr'><strong>quo</strong></span> <span class='ocrx_word' id='word_1_173' title='bbox 182 2861 311 2923; x_wconf 85' lang='lat' dir='ltr'><strong>cautum</strong></span> <span class='ocrx_word' id='word_1_174' title='bbox 333 2862 382 2923; x_wconf 89' lang='lat' dir='ltr'><strong>est</strong></span> <span class='ocrx_word' id='word_1_175' title='bbox 404 2861 440 2923; x_wconf 92' lang='lat' dir='ltr'><strong>ut</strong></span> <span class='ocrx_word' id='word_1_176' title='bbox 461 2859 556 2923; x_wconf 87' lang='lat' dir='ltr'><strong>etiem</strong></span> <span class='ocrx_word' id='word_1_177' title='bbox 579 2849 687 2925; x_wconf 89' lang='lat' dir='ltr'><strong>earum</strong></span> <span class='ocrx_word' id='word_1_178' title='bbox 709 2877 814 2924; x_wconf 91' lang='lat' dir='ltr'><strong>rerum</strong></span> <span class='ocrx_word' id='word_1_179' title='bbox 837 2859 971 2939; x_wconf 84' lang='lat' dir='ltr'><strong>quedam</strong></span> <span class='ocrx_word' id='word_1_180' title='bbox 986 2859 1110 2924; x_wconf 83' lang='lat' dir='ltr'><strong>ratione</strong></span> <span class='ocrx_word' id='word_1_181' title='bbox 1132 2875 1222 2923; x_wconf 91' lang='lat' dir='ltr'><strong>usus·</strong></span> <span class='ocrx_word' id='word_1_182' title='bbox 1239 2876 1274 2928; x_wconf 82' lang='lat' dir='ltr'><strong>no</strong></span> 
     </span>
     <span class='ocr_line' id='line_1_22' title="bbox 96 2974 1225 3058; baseline 0.003 -21"><span class='ocrx_word' id='word_1_183' title='bbox 96 2974 220 3041; x_wconf 90' lang='lat' dir='ltr'><strong>fructus</strong></span> <span class='ocrx_word' id='word_1_184' title='bbox 241 2975 460 3041; x_wconf 89' lang='lat' dir='ltr'><strong>constituatur.</strong></span> <span class='ocrx_word' id='word_1_185' title='bbox 503 2975 531 3040; x_wconf 90' lang='lat' dir='ltr'><strong>si</strong></span> <span class='ocrx_word' id='word_1_186' title='bbox 560 2994 634 3058; x_wconf 87' lang='lat' dir='ltr'><strong>ergo</strong></span> <span class='ocrx_word' id='word_1_187' title='bbox 660 2975 732 3056; x_wconf 88' lang='lat' dir='ltr'><strong>quis</strong></span> <span class='ocrx_word' id='word_1_188' title='bbox 761 2977 895 3042; x_wconf 91' lang='lat' dir='ltr'><strong>moriens</strong></span> <span class='ocrx_word' id='word_1_189' title='bbox 921 2994 972 3043; x_wconf 89' lang='lat' dir='ltr'><strong>me</strong></span> <span class='ocrx_word' id='word_1_190' title='bbox 1000 2976 1147 3042; x_wconf 87' lang='lat' dir='ltr'><strong>heredem</strong></span> <span class='ocrx_word' id='word_1_191' title='bbox 1176 2975 1225 3040; x_wconf 93' lang='lat' dir='ltr'><strong>in·</strong></span> 
     </span>
     <span class='ocr_line' id='line_1_23' title="bbox 97 3079 1222 3186; baseline 0 -29"><span class='ocrx_word' id='word_1_192' title='bbox 97 3091 410 3174; x_wconf 75' lang='lat' dir='ltr'><strong>stitueritlegauerit</strong></span> <span class='ocrx_word' id='word_1_193' title='bbox 421 3098 526 3159; x_wconf 88' lang='lat' dir='ltr'><strong>autem</strong></span> <span class='ocrx_word' id='word_1_194' title='bbox 538 3094 597 3160; x_wconf 92' lang='lat' dir='ltr'><strong>tibi</strong></span> <span class='ocrx_word' id='word_1_195' title='bbox 608 3079 774 3160; x_wconf 80' lang='lat' dir='ltr'><strong>cuneorum</strong></span> <span class='ocrx_word' id='word_1_196' title='bbox 787 3093 1144 3186; x_wconf 83' lang='lat' dir='ltr'><strong>Muelllsextariocum</strong></span> <span class='ocrx_word' id='word_1_197' title='bbox 1157 3092 1222 3158; x_wconf 91' lang='lat' dir='ltr'><strong>uini</strong></span> 
     </span>
     <span class='ocr_line' id='line_1_24' title="bbox 97 3210 1224 3293; baseline 0.002 -18"><span class='ocrx_word' id='word_1_198' title='bbox 97 3211 148 3276; x_wconf 94' lang='lat' dir='ltr'><strong>uel</strong></span> <span class='ocrx_word' id='word_1_199' title='bbox 162 3211 225 3277; x_wconf 95' lang='lat' dir='ltr'><strong>olei</strong></span> <span class='ocrx_word' id='word_1_200' title='bbox 241 3211 293 3276; x_wconf 93' lang='lat' dir='ltr'><strong>uel</strong></span> <span class='ocrx_word' id='word_1_201' title='bbox 308 3212 341 3276; x_wconf 87' lang='grc' dir='ltr'><strong>Μ</strong></span> <span class='ocrx_word' id='word_1_202' title='bbox 356 3212 530 3279; x_wconf 90' lang='lat' dir='ltr'><strong>modiorum</strong></span> <span class='ocrx_word' id='word_1_203' title='bbox 546 3212 695 3280; x_wconf 89' lang='lat' dir='ltr'><strong>frumenti</strong></span> <span class='ocrx_word' id='word_1_204' title='bbox 709 3211 947 3291; x_wconf 89' lang='lat' dir='ltr'><strong>usumfructum,</strong></span> <span class='ocrx_word' id='word_1_205' title='bbox 970 3231 1040 3278; x_wconf 92' lang='lat' dir='ltr'><strong>cum</strong></span> <span class='ocrx_word' id='word_1_206' title='bbox 1055 3219 1092 3278; x_wconf 89' lang='lat' dir='ltr'><strong>tu</strong></span> <span class='ocrx_word' id='word_1_207' title='bbox 1106 3210 1224 3293; x_wconf 87' lang='lat' dir='ltr'><strong>legata·</strong></span> 
     </span>
     <span class='ocr_line' id='line_1_25' title="bbox 98 3329 1222 3412; baseline 0.002 -20"><span class='ocrx_word' id='word_1_208' title='bbox 98 3329 927 3397; x_wconf 87' lang='lat' dir='ltr'><strong>riusaureosautuiuumautoleumautfrumentum</strong></span> <span class='ocrx_word' id='word_1_209' title='bbox 940 3329 1106 3412; x_wconf 86' lang='lat' dir='ltr'><strong>acceperis,</strong></span> <span class='ocrx_word' id='word_1_210' title='bbox 1115 3348 1222 3396; x_wconf 92' lang='lat' dir='ltr'><strong>eorum</strong></span> 
     </span>
     <span class='ocr_line' id='line_1_26' title="bbox 98 3444 1273 3524; baseline 0.003 -14"><span class='ocrx_word' id='word_1_211' title='bbox 98 3444 152 3512; x_wconf 90' lang='lat' dir='ltr'><strong>fies</strong></span> <span class='ocrx_word' id='word_1_212' title='bbox 168 3446 317 3512; x_wconf 91' lang='lat' dir='ltr'><strong>dominus</strong></span> <span class='ocrx_word' id='word_1_213' title='bbox 335 3453 445 3514; x_wconf 88' lang='lat' dir='ltr'><strong>contra</strong></span> <span class='ocrx_word' id='word_1_214' title='bbox 455 3447 653 3514; x_wconf 90' lang='lat' dir='ltr'><strong>ususfructus</strong></span> <span class='ocrx_word' id='word_1_215' title='bbox 664 3453 822 3513; x_wconf 87' lang='lat' dir='ltr'><strong>naturam:</strong></span> <span class='ocrx_word' id='word_1_216' title='bbox 842 3447 1039 3514; x_wconf 87' lang='lat' dir='ltr'><strong>ususfructus</strong></span> <span class='ocrx_word' id='word_1_217' title='bbox 1051 3448 1132 3514; x_wconf 93' lang='lat' dir='ltr'><strong>enim</strong></span> <span class='ocrx_word' id='word_1_218' title='bbox 1144 3448 1174 3512; x_wconf 91' lang='lat' dir='ltr'><strong>iu</strong></span> <span class='ocrx_word' id='word_1_219' title='bbox 1188 3465 1222 3513; x_wconf 90' lang='lat' dir='ltr'><strong>re</strong></span> <span class='ocrx_word' id='word_1_220' title='bbox 1239 3471 1273 3524; x_wconf 74' lang='lat'><strong>25</strong></span> 
     </span>
    </p>
   </div>
   <div class='ocr_carea' id='block_1_3' title="bbox 0 0 1516 4884">
    <p class='ocr_par' dir='ltr' id='par_1_4' title="bbox 0 0 1516 4884">
     <span class='ocr_line' id='line_1_27' title="bbox 0 0 1516 4884; baseline 0 3"><span class='ocrx_word' id='word_1_221' title='bbox 0 0 1516 4884; x_wconf 95' lang='lat' dir='ltr'><strong> </strong></span> 
     </span>
    </p>
   </div>
  </div>
 </body>
</html>
