3038 4884
723 385 935 452 ..39-

596 707 644 773 De
665 709 784 792 nuptiis
791 710 813 773 ¹.
858 708 982 774 Titulus
1006 710 1054 774 10.

354 860 549 947 'Evvspoogs
573 862 642 944 δὲ’)
670 865 790 946 γάμους
816 863 935 948 μεταξύ
963 863 1103 952 ἀλληλων
1130 867 1298 927 συνιστῶσι
1326 868 1394 950 ρω-
1505 835 1506 924 t

268 969 363 1046 μαῖοι,
386 965 476 1052 ἡνίκα
498 967 569 1049 περὶ
590 966 691 1046 γα’μου
713 966 782 1048 ταί)
813 970 877 1041 τοῖς
905 967 1009 1051 νόμοις
1038 967 1265 1051 διηγορευμένα
1293 970 1393 1052 φυλύ-
1505 951 1506 960 ¹

270 1069 410 1150 8w01v5).
455 1067 561 1131 δεῖδὲ
582 1067 733 1151 τοδςμὲν
755 1066 894 1152 ἄρρενας
916 1067 1060 1156 ἔφη’βους
1083 1067 1168 1147 εῖναι,
1195 1069 1251 1146 τὰς
1279 1070 1315 1134 δέ
1339 1070 1395 1156 δη-
1505 1099 1506 1108 ¹

270 1170 354 1244 λείας
374 1171 490 1254 ἀνδρὸς
512 1170 664 1247 δεκτικὰς·
688 1171 826 1234 τουτέστι
855 1169 927 1246 τοὺς
953 1170 1011 1255 μὲν
1034 1169 1285 1258 ὑπερβεβηκέναι
1307 1161 1396 1238 τδῖδ

148 1283 151 1288 ’
237 1271 382 1357 δέτοςθ),
405 1272 460 1346 τδις
482 1272 518 1335 δὲ
538 1272 715 1357 μείζοναςί)
739 1271 816 1336 εῖναι
838 1277 900 1336 τῶν
919 1260 957 1355 ἶβ
978 1273 1136 1336 ἐνιαυτῶν.
1165 1278 1265 1339 ταῦτα
1287 1275 1324 1341 δὲ,
1345 1277 1394 1340 λέ-

270 1401 365 1462 γομεν
387 1377 448 1440 εἴτε
474 1376 676 1455 αύτεξούσιοι,
700 1375 762 1441 εἴτε
786 1375 993 1457 δπεξούσιοίθ)
1024 1377 1098 1439 εἰσιν
1126 1377 1155 1439 οί
1184 1379 1263 1461 πρὸς
1294 1378 1393 1463 γάμον

271 1480 471 1561 συνίοντεςί),
495 1478 564 1542 ἀλλ’
588 1477 719 1542 ἐπὶτῶν
742 1478 935 1551 ύπεξουσίων
965 1480 1013 1541 καί
1036 1477 1144 1563 έτερύν
1172 1502 1200 1541 τι
1232 1481 1392 1567 ζητοῦμεν,

271 1581 445 1647 συναίνεσιν
468 1579 545 1644 εἶναι
567 1584 629 1644 τῶν
652 1581 770 1662 γονέων
793 1579 838 1643 ὧν
862 1579 1041 1654 ὑπεξούσιοί
1064 1581 1138 1644 ελσιν
1153 1582 1183 1644 οἱ
1198 1584 1393 1668 συναπτόμε-

271 1709 324 1750 ναι.
368 1687 459 1747 τοῦτο
482 1683 542 1767 γὰρ
560 1687 676 1771 χρῆναι
684 1684 722 1765 ¹⁰)
745 1681 886 1764 γίνεσδαι
915 1683 963 1745 καί
992 1684 1009 1745 δ
1041 1683 1191 1758 πολιτικὸς
1220 1687 1267 1747 καλ
1295 1688 1393 1770 δφυ-

222 1811 254 1861 10
271 1788 355 1862 σικδς
376 1787 501 1850 ἀπαιτεῖ
519 1785 679 1868 λογισμός·
703 1787 720 1848 δ
744 1786 893 1863 πολιτικὸς
905 1786 962 1870 μὲν
978 1784 1028 1848 διὰ
1044 1788 1077 1848 τὸ
1091 1787 1243 1871 ρωμαίων
1259 1787 1335 1852 ίδιον
1343 1791 1391 1872 11),

269 1889 408 1954 τουτέστι
430 1884 484 1974 τὴν
507 1888 767 1974 δπεξουσιύτητα,
791 1889 808 1950 δ
832 1890 960 1972 φυσικὸς
983 1887 1028 1967 δὲ,
1052 1887 1159 1974 ἐπειδὴ
1182 1888 1297 1954 δίκαιον
1322 1892 1393 1968 τοὺς

268 1994 360 2082 μέχρι
382 1990 525 2077 τοιαύτης
546 1991 661 2077 ἡλικίας
688 1990 974 2076 ἀναδρέβανταςη)
1005 1992 1119 2079 ταύτης
1149 1993 1315 2066 ἀξιοῦσθαι
1336 2000 1393 2083 τῆς

269 2100 358 2182 τιμῆς
366 2095 413 2178 ¹³).
459 2095 564 2158 δεῖδὲ
594 2095 647 2182 τὴν
674 2097 729 2157 τοῦ
758 2096 878 2180 πατρὸς
901 2093 1048 2181 ηγεῖσδαι
1072 2094 1266 2179 κέλευσινΗ).
1316 2096 1392 2160 δδεν

271 2198 461 2282 ἀμφιβολίας
483 2197 577 2260 αίτιον
599 2197 726 2279 γέγονεν
747 2196 906 2278 έκεῖνο]1)·
937 2197 1126 2281 μαινομένου
1149 2197 1304 2281 meacm)
1329 2201 1393 2273 υίὸς

223 2299 290 2386 1ῡῆ
313 2297 456 2386 δυγάτηρ
478 2299 527 2364 ἐπὶ
548 2300 648 2384 γάμον
678 2297 781 2362 έλδεῖν
807 2299 980 2386 ἠπείγοντο.
1028 2300 1064 2362 ού
1092 2299 1153 2385 γὰρ
1183 2300 1313 2366 παύεται
1340 2306 1392 2366 τοῦ

271 2401 349 2490 ἔχειν
371 2403 404 2467 in
434 2407 595 2486 potestate
624 2402 696 2478 τοὺς
723 2401 837 2477 παῖδας
863 2401 977 2484 μανίαν
1007 2405 1025 2465 δ
1056 2403 1158 2489 πατὴρ
1188 2403 1392 2491 δυστυχήσας,

270 2507 376 2596 ἐπειδη
399 2507 465 2595 ούχλ
486 2507 547 2589 (511)
572 2507 680 2594 νηφων
702 2506 846 2589 λογισμὸς
866 2508 921 2568 τοῦ
945 2507 1064 2590 πατρὸς
1082 2505 1114 2571 in
1129 2510 1290 2589 potestate
1314 2507 1396 2570 ποιεῖ

269 2613 334 2686 τοῖς
356 2612 490 2696 πατράσι
501 2611 538 2691 ¹⁸)
563 2609 635 2684 τοὺς
657 2607 779 2686 παῖδας,
803 2609 882 2681 ὥςτε
904 2609 987 2694 ημᾶς
1008 2607 1105 2689 λέγειν
1122 2606 1315 2696 στερηθέντα
1339 2610 1390 2671 τδν

270 2711 390 2794 πατέρα
412 2715 467 2776 τοῦ
491 2716 619 2796 φρονεῖν
644 2711 867 2775 συναπολλύναι
890 2713 938 2773 καλ
960 2714 1014 2798 τὴν
1037 2716 1098 2774 τῶν
1121 2711 1240 2776 παίδων
1263 2711 1392 2782 ύπεξου-

219 2829 254 2880 20
270 2812 404 2900 σιύτητα,
428 2813 497 2876 ἀλλ’
520 2814 537 2875 δ
560 2814 597 2886 ἐξ
616 2813 755 2897 έννδμων
782 2815 892 2897 γάμων
922 2813 1088 2896 γενόμενος
1109 2814 1244 2890 τοκετύς.
1296 2812 1393 2900 ἠβού·

270 2918 360 2980 λοντο
383 2913 438 2980 ούν
460 2918 489 2979 ot
511 2917 620 2990 παῖδες
642 2915 811 3000 ἐπίγαμον
834 2914 944 2994 έλδεῖν,
969 2915 1145 2988 ύπεξούσωι
1166 2916 1203 2980 δὲ
1225 2914 1314 2988 ὄντες
1335 2919 1393 2999 τῆς

270 3023 323 3083 τοῦ
355 3021 473 3104 πατρὸς
500 3017 625 3082 ἐδέοντο
656 3017 877 3090 συναινέσεως·
908 3021 1058 3082 συναινεῖν
1087 3018 1123 3081 δὲ
1152 3019 1170 3081 δ
1204 3017 1393 3101 μαινόμενος

270 3120 327 3184 ούκ
346 3120 491 3208 ἠδύνατο.
526 3121 676 3206 ζητοῦμεν
699 3120 727 3183 εί
748 3119 893 3183 δύνανται
901 3120 949 3202 19).
987 3120 1086 3183 καλεῖ
1105 3120 1163 3205 μὲν
1186 3119 1320 3204 εἴπωμεν
1342 3103 1393 3182 συ·

273 3224 402 3287 ναίνεσιν
426 3222 502 3286 εἶναι
525 3211 559 3286 τδ
581 3223 679 3305 λέγειν
710 3222 813 3297 λδικῶς
843 3223 895 3284 τδν
925 3221 1044 3304 πατέρα
1073 3223 1119 3284 δτι
1146 3221 1318 3305 δρέσκομαι
1345 3223 1393 3304 τῷ

338 3413 362 3478 1)
380 3409 445 3478 περί
454 3410 545 3478 γάμου
559 3407 621 3463 αδδ.
638 3408 705 3464 libri.
743 3408 767 3472 1)
785 3409 853 3462 haee
869 3407 960 3462 insunt
977 3407 1046 3475 Epa.
1067 3409 1107 3474 16,
1116 3409 1141 3462 2.
1159 3405 1392 3473 Basil.2e‚1‚43:
1505 3417 1506 3424 ’

271 3496 333 3565 Syn.
351 3499 376 3562 3,
397 3499 420 3558 l,
438 3498 462 3549 8.
476 3496 532 3548 Att.
546 3497 588 3558 20,
604 3498 626 3547 l.
638 3493 731 3548 Herm.
747 3498 774 3557 4,
791 3497 816 3547 4.
834 3497 859 3547 2.
932 3493 954 3559 1)
971 3492 997 3545 δ.
1016 3491 1077 3560 Syn.
1146 3492 1169 3559 1)
1188 3491 1222 3544 τὰ
1239 3491 1345 3574 πφδ-γ.
1362 3491 1392 3542 P.

271 3580 303 3635 R.
321 3581 354 3635 τὰ
372 3579 510 3649 περὶτῶν
529 3579 591 3648 Syn.
672 3581 695 3648 1)
714 3597 807 3632 -ουσι
825 3577 855 3632 F.
875 3577 936 3646 Syn.
1005 3578 1029 3643 6)
1048 3576 1223 3646 ὑπερβαίνειν
1241 3578 1274 3629 τδ
1293 3577 1321 3629 ιδ
1323 3575 1393 3646 χρύ-

272 3684 318 3717 νον
335 3665 428 3720 Herm.
581 3667 604 3734 1)
621 3667 727 3730 μείζους
743 3666 772 3719 Ρ.
790 3665 823 3720 R.
977 3666 1000 3730 8)
1019 3665 1076 3718 εἶτε
1097 3664 1141 3718 ὑπ.
1159 3664 1216 3716 εἶτε
1234 3665 1292 3719 αύτ.
1310 3664 1341 3719 P.
1359 3663 1392 3718 B.

271 3752 340 3805 haec
356 3752 406 3805 ins.
424 3750 486 3820 Ept
504 3755 547 3815 23,
564 3755 589 3808 3.
727 3753 751 3820 9)
769 3753 951 3823 τυγχάνοντες
968 3750 997 3804 P.
1017 3749 1218 3812 συναπτόμενα
1235 3749 1327 3804 Herm.
1346 3748 1394 3818 qui

271 3836 317 3890 hie
332 3836 436 3891 desinit.
577 3825 612 3906 11)
627 3840 684 3909 χρὴ
702 3837 732 3892 Ρ.
749 3839 812 3909 Syn.
953 3840 989 3905 11)
1007 3837 1104 3889 δίκαιον
1123 3834 1164 3889 Pi.
1187 3834 1221 3892 λ’δ.
1239 3837 1287 3889 δίκ.
1305 3835 1340 3902 ej.
1359 3832 1392 3888 R.

272 3920 307 3988 11)
324 3921 388 3982 τούς
403 3923 493 3990 γονεῖς
510 3921 634 3991 δηλύνύτι
651 3921 713 3977 εδδ.
731 3922 764 3976 R.
783 3937 842 3976 cum
860 3921 920 3977 eds.
937 3928 985 3976 aut
1002 3921 1034 3976 F.
1155 3923 1191 3989 ¹³)
1209 3921 1335 3976 τουτέστι
1352 3925 1393 3992 τῷ
1505 3965 1506 3968 τ

271 4007 351 4076 γάμῳ
368 4007 568 4071 συνευδοκιμεῖν
586 4007 658 4060 item.
813 4009 849 4076 14)
866 4008 990 4062 τουτέστι
1013 4009 1058 4059 δεῖ
1078 4009 1124 4060 τὸν
1148 4007 1392 4076 πατέρασυναινεῖν

271 4093 344 4147 item.
446 4094 482 4159 11)
499 4092 606 4145 κάκεῖνο
624 4091 656 4146 R.
759 4093 795 4161 1⁶)
814 4093 917 4162 πατρδς
934 4092 966 4147 R.
985 4093 1080 4153 παῖδος
1099 4092 1147 4147 Ε’1.
1250 4094 1286 4161 11)
1304 4092 1346 4147 de.
1360 4091 1394 4147 F.
1505 4109 1506 4120 ¹

271 4177 304 4234 R.
407 4177 443 4244 18)
460 4180 499 4247 τῷ
517 4177 652 4246 πατρία).
670 4176 704 4230 R.
805 4177 840 4246 ¹⁹)
860 4194 956 4229 -αται
973 4177 1006 4232 G.
