3038 4884
679 403 891 468 -58-

228 589 360 669 ξούσιος,
383 587 545 676 τηνικαῦτα
566 589 601 654 έιι
621 591 796 668 διατάξεως
823 593 880 656 τοῦ
908 589 1066 677 ημετέρου
1093 589 1253 673 βασιλέως
1281 591 1350 674 ἅμα

226 696 275 779 τῷ
303 691 457 766 δέξασθαι
484 693 556 770 τοὺς
576 693 739 760 codicillus
749 696 775 776 ¹)
797 699 855 781 τῆς
882 694 1112 780 πατριιιότητυς
1134 697 1188 780 τῆς
1211 695 1266 758 τοῦ
1288 715 1347 756 πα-

226 797 302 880 τρὸς
323 793 577 882 δπεξουσιύτητος
599 797 833 861 ἀπαλλάττεται.
879 798 922 872 τίς
952 797 1012 882 γὰρ
1037 797 1202 882 ἀνάσχοιτο
1226 795 1348 880 πατέρα

225 900 283 981 μὲν
300 897 452 965 δύνασθαι
468 899 519 963 διδ
534 903 588 984 τῆς
600 898 867 982 emancipationos
883 899 1016 966 διαλύειν
1031 899 1082 962 τδν
1098 902 1153 984 τῆς
1168 893 1349 971 ύπεξουσιό-

194 1024 319 1089 ητητος
340 1002 463 1091 δεσμὸν,
488 1007 542 1088 τῆς
565 1001 601 1065 δὲ
622 1002 783 1090 βασιλικῆς
810 997 957 1076 ἐξουσίας
984 1005 1038 1066 τδν
1069 1001 1158 1085 ὄγκον
1182 1003 1227 1088 μή
1257 1000 1348 1064 δύνα-

230 1101 304 1169 σθαι
332 1108 387 1191 της
415 1106 469 1169 τοῦ
496 1102 644 1187 πατρδςί)
671 1097 928 1190 ύπεξουσιύτητος
955 1101 1116 1178 ἐξελέσθαι
1145 1099 1277 1181 ἐκεῖνον,
1310 1102 1349 1164 δν

228 1203 332 1291 ἑαυτῷ
354 1206 474 1290 πατέρα
496 1206 671 1294 πεποίηκεν;
706 1209 735 1272 5.
769 1207 822 1270 Τιἰν
845 1207 919 1293 έμδν
941 1207 1060 1294 πατέρα
1083 1193 1201 1294 συνέβη
1233 1205 1342 1294 αίχμοί-
1360 1222 1391 1272 5.

228 1310 326 1373 λωτον
350 1307 407 1373 ιἰπδ
430 1313 491 1372 τῶν
513 1308 665 1393 πολεμίων
685 1308 842 1396 ληφθῆναι
864 1311 912 1372 καί
932 1309 1046 1393 γέγονε
1059 1310 1210 1396 ’δηλονότι
1232 1309 1362 1382 δοῦλος·

230 1415 291 1476 τῶν
313 1410 476 1496 πολεμίων.
526 1411 677 1498 ζητοῦμεν
703 1411 731 1474 εί
759 1410 821 1496 ἄρα
849 1412 911 1492 έγδι
940 1413 957 1475 δ
989 1414 1045 1477 τοῦ
1071 1411 1246 1499 ληφθέντος
1273 1416 1346 1487 παῖς

179 1539 213 1590 10
229 1513 426 1590 αύτεξούσιος
447 1513 506 1598 ελμλ
527 1511 547 1600 ἢ
568 1507 764 1588 ύπεξούσιος;
794 1515 842 1578 καὶ
874 1513 952 1588 τέως
981 1513 1181 1587 αὐτεξούσιον
1210 1514 1345 1599 ἐμαυτὸν

230 1616 323 1679 εἰπεῖν
346 1615 384 1680 οὐ
407 1615 537 1699 δύναμαι
560 1615 610 1683 διὰ
637 1617 691 1701 τήν
720 1616 827 1680 ἐλπίδα
856 1619 911 1682 τοῦ
939 1615 1146 1703 postliminia.
1194 1615 1350 1700 postlimi-

229 1717 303 1783 nion
326 1716 362 1780 δέ
384 1717 446 1781 ἐστι
469 1717 582 1782 δίκαιόν
604 1743 631 1782 τι
651 1721 715 1794 τοῖς
743 1719 803 1783 ἀπὸ
834 1719 986 1800 πολεμίων
1017 1712 1247 1806 ύποστρέφασιν
1273 1718 1348 1782 ἀπο-

230 1819 394 1884 καθεστῶν
418 1825 518 1882 πᾶσαν
542 1820 594 1907 τὴν
624 1821 756 1908 ἀρχαίαν
784 1823 975 1885 κατάστασιν.
1028 1821 1077 1886 διὰ
1104 1820 1134 1885 τί
1160 1821 1197 1884 δὲ
1225 1822 1348 1904 λέγεται

230 1921 444 2007 postliminion
472 1923 632 2006 προϊόντες
660 1924 803 2008 ἐροῦμεν.
854 1920 1052 2010 ὑποστρέψας
1082 1923 1168 2008 οδνί)
1202 1925 1219 1988 δ
1243 1925 1347 2011 πατὴρ

181 2048 213 2099 15
231 2024 421 2111 ἀναλήφεται
440 2023 514 2100 τοὺς
535 2025 648 2102 παῖδας
668 2023 724 2090 ίνπδ
747 2028 783 2089 τὸ
804 2027 914 2092 οίιιεῖον
943 2027 977 2091 in
1004 2031 1174 2110 potestate.
1227 2029 1260 2091 τδ
1282 2027 1346 2110 γὰρ

231 2125 447 2210 postlimnion
469 2125 570 2203 οὕτως
584 2126 677 2192 αὐτὸν
700 2131 834 2208 πλάττει,
849 2130 900 2206 Ιὡς
921 2129 968 2192 ἀεὶ
989 2129 1022 2192 έν
1044 2129 1232 2216 τῇπολιτείᾳ
1250 2151 1349 2213 μεμε-

232 2229 343 2314 νηκότα
364 2233 412 2310 οιαὶ
433 2230 623 2316 μηδέποτεέ)
645 2231 759 2320 ταύτης
781 2231 957 2305 ἐξελθόντα.
1001 2230 1038 2296 οὐ
1060 2232 1193 2314 δύναμαι
1215 2232 1250 2295 δὲ
1272 2229 1347 2296 οὔτε

232 2331 329 2416 λεήειν
351 2331 483 2418 ἐμαυτὸν
505 2333 538 2398 ἐν
562 2336 607 2420 τῷ
631 2334 783 2423 μεταξδῦ)
813 2334 1003 2408 ίιπεξούσιον.
1056 2341 1122 2411 πῶς
1150 2337 1209 2420 γὰρ
1239 2335 1301 2416 ἐγὼ
1330 2337 1350 2398 δ

228 2437 372 2521 ῥωμαῐος
393 2434 503 2521 ἔσομαι
525 2436 709 2514 ίιπεξούσιος
730 2437 842 2501 δούλου
865 2441 913 2501 καί
928 2438 1074 2520 δούλουθ)
1095 2443 1159 2520 τῶν
1175 2438 1360 2522 πολεμίωνς.

181 2556 216 2608 20
232 2537 312 2612 ὥςτε
334 2535 387 2600 οὖν
409 2537 442 2600 ἐν
465 2541 511 2624 τῷ
530 2538 648 2622 μεταξύ
671 2539 703 2602 ἐν
726 2539 893 2627 ἠρτημένοι
916 2539 999 2605 ἔσται
1027 2541 1064 2605 τὰ
1091 2547 1147 2628 τῆς
1170 2539 1349 2613 δπεξουοιό-

232 2659 332 2725 τητος.
358 2641 409 2703 οιαὶ
428 2641 456 2703 ελ
474 2641 532 2725 μὲν
548 2641 727 2730 ὑποστρέψῃ
751 2645 768 2706 δ
790 2644 901 2730 πατὴρ,
918 2643 1028 2729 έσομαι
1043 2643 1138 2709 αὑτοῦ
1153 2644 1348 2718 ύπεξούσιος,

234 2739 261 2803 εἷ
282 2739 318 2802 δὲ
339 2737 405 2804 εἰεί
424 2742 604 2830 τελευτήσῃ,
627 2745 794 2832 γενήσομαι
816 2742 1024 2820 αύτεξούσιος.
1070 2749 1119 2811 καὶ
1145 2749 1191 2811 ὅτι
1216 2747 1274 2832 μὲν
1303 2744 1349 2830 γί-

234 2841 355 2925 νομαιί)
378 2842 578 2920 αύτεξούσιος
599 2846 873 2934 τελευτήσαντοςθ)
896 2846 992 2914 αὐτοῦ
1014 2850 1100 2934 παρὰ
1114 2853 1178 2925 τοῖς
1192 2849 1350 2934 πολεμίοις

233 2947 496 3033 συνωμολόγηται·
517 2949 593 3012 άλλδι
615 2947 766 3037 ζητοῦμεν
788 2950 823 3014 ἐκ
844 2950 931 3017 ποίου
949 2951 1067 3040 χρόνου
1091 2951 1173 3016 δοιιῶ
1197 2957 1253 3040 τῆς
1275 2951 1349 3016 bue·

182 3064 216 3117 25
233 3050 434 3136 ξουσιύτητος
455 3050 718 3116 ἀπαλλάττεσθαι·
743 3052 875 3135 πότερον
899 3053 936 3124 έξ
956 3052 993 3116 οὗ
1016 3054 1139 3142 ἐλήφθη
1168 3054 1187 3142 ἢ
1217 3056 1286 3134 35⁹)
1309 3055 1348 3117 οὗ

233 3151 416 3240 ἐτελεύτησε
438 3153 523 3239 παρὰ
544 3156 607 3228 τοῖς
634 3155 796 3238 πολεμίοις.
847 3153 910 3218 ἔστι
937 3157 997 3241 γὰρ
1026 3158 1107 3232 δλως
1137 3179 1179 3233 τις
1207 3157 1349 3243 διαφορὰ

234 3256 281 3317 καὶ
302 3256 391 3319 πάνυ.
430 3253 550 3320 δπύθον
572 3257 631 3338 γάρ
655 3253 733 3345 ἔχειν
756 3257 821 3321 τινὰ
842 3257 898 3321 δύο
923 3261 1033 3334 παῖδας
1055 3262 1105 3324 καὶ
1127 3260 1276 3349 δισχιλίων
1301 3283 1351 3322 νο-

231 3359 394 3442 μισμάτων
416 3358 594 3445 περιουσίαν
616 3358 776 3447 ληφθήναί
794 3383 829 3423 τε
851 3357 909 3423 ὑπὸ
939 3362 1000 3423 τῶν
1023 3361 1186 3447 πολεμίων.
1229 3361 1350 3426 τούτων

234 3461 251 3522 δ
271 3460 328 3543 μὲν
351 3459 389 3549 ήν
412 3461 581 3535 σπουδαῖος
603 3463 651 3524 καὶ
672 3463 779 3544 λαβὼν
803 3463 970 3547 νομίσματα
983 3451 1060 3550 αθ)
1084 3464 1118 3528 ἐκ
1140 3469 1194 3551 τῆς
1218 3468 1271 3527 τοῦ
1292 3489 1351 3528 πα-

183 3589 218 3641 30
236 3565 309 3647 τρὸς
330 3564 517 3649 περιουσίας,
541 3565 577 3638 ἐξ
598 3563 716 3628 οἰκείων
739 3566 883 3649 καμάτων
905 3565 1046 3655 ήδυνήθη
1074 3566 1195 3650 άλλαῃ)
1214 3554 1248 3654 ’ᾇ
1268 3569 1351 3652 νομί·

302 3822 325 3885 1)
342 3820 435 3888 scripsi
454 3836 488 3875 ex
506 3820 555 3875 L1.
572 3821 622 3875 m,
640 3822 815 3883 τιωδιιιέλλους
832 3823 861 3878 P.
881 3822 912 3878 F.
930 3823 991 3891 Epi.
1129 3823 1270 3894 ἳ)11ἱυμη
1290 3823 1347 3876 δύν.

234 3904 282 3957 ins.
302 3903 331 3958 P.
434 3905 457 3969 ³)
475 3903 500 3958 d.
517 3905 559 3959 vi.
577 3905 609 3961 R.
712 3907 735 3972 4)
752 3906 864 3977 μηδέπω
883 3906 931 3960 11².
1034 3910 1057 3974 ⁵)
1077 3910 1106 3960 ἐν
1125 3913 1165 3980 τῷ
1181 3908 1287 3973 μεταξὺ
1305 3908 1350 3960 καί

234 3987 331 4041 δούλου
350 3989 392 4042 ύπ.
413 3989 444 4043 F.
463 3990 497 4042 οὐ
514 3994 553 4060 τῷ
570 4007 632 4053 μετ.
649 3991 690 4055 ἐμ.
710 3991 751 4046 ύπ.
767 3993 807 4046 Vi.
825 3991 858 4047 R.
926 3993 948 4062 6)
966 3993 991 4047 δ.
1004 3993 1046 4048 vi.
1058 3993 1092 4050 R.
1160 3995 1183 4062 ⁷)
1200 3995 1350 4064 γενήσομαι

235 4074 284 4127 112.
385 4075 408 4140 8)
425 4080 561 4136 -τῶντος
579 4076 608 4129 Ρ.
709 4079 732 4148 9)
752 4078 804 4148 ἀφ’
823 4079 852 4133 Ρ.
871 4078 902 4132 F.
1009 4080 1349 4149 10)L¹.1.¹.1a.manu.

235 4162 270 4226 1¹)
286 4159 377 4215 addidi
394 4176 429 4215 ex
446 4161 475 4214 P.
