3038 4884
554 403 764 466 ...45-

113 588 194 655 solet.
237 607 307 655 curn
329 588 427 670 igitur
448 588 576 671 nuptiae
598 608 659 655 non
682 589 745 656 sint
759 590 944 672 prohibitae,
967 589 1140 672 exemplum
1160 609 1222 656 ma·

113 712 242 774 terterae
265 709 433 790 adoptiuae
456 727 517 774 non
539 707 656 774 addidi.
684 715 716 774 et
737 711 892 794 quomodo
913 709 949 774 fit
972 717 1007 774 ιιι
1029 709 1133 792 aliqua
1148 710 1222 774 mihi

111 846 162 908 per
182 827 380 908 adoptionem
401 834 573 894 matertera
595 845 664 894 esse
684 826 836 908 incipiat?
859 833 895 892 ut
925 847 1009 894 ecce:
1032 847 1112 893 auus
1135 847 1223 894 meus

111 952 280 1026 maternus,
302 947 356 1028 qui
378 945 473 1010 filiam
495 946 632 1038 habebat
654 953 785 1012 matrem
814 964 931 1025 meam,
961 947 1097 1028 puellam
1127 967 1223 1030 quan·

112 1064 177 1128 dam
197 1065 408 1146 adoptandam
431 1066 579 1146 suscepit,
603 1085 698 1148 quam
720 1073 823 1132 mater
852 1085 940 1131 meus
968 1084 1106 1132 sororem
1128 1069 1223 1149 adop·
1256 1076 1272 1126 u

77 1199 97 1247 o.
111 1183 201 1248 tinam
224 1186 375 1263 uocabat,
406 1205 463 1268 ego
486 1192 592 1252 autem
621 1186 802 1267 adoptiuum
831 1193 1042 1252 materteram.
1088 1187 1116 1250 6.
1150 1187 1225 1252 Pro·

110 1304 264 1382 posuimus
286 1305 318 1368 in
341 1305 552 1385 superioribus
581 1322 663 1385 quae
692 1305 820 1388 nuptiae
851 1312 979 1386 propter
1008 1305 1224 1386 cognationem

110 1421 321 1504 impediantur.
366 1429 440 1488 sunt
461 1442 536 1489 uero
558 1423 648 1502 aliae,
666 1442 757 1505 ,quae
782 1442 844 1490 non
874 1429 1003 1505 propter
1031 1424 1224 1504 cognationis

111 1540 280 1621 amonium,
307 1549 356 1608 set
385 1549 514 1624 propter
542 1522 735 1608 adfinitatem
764 1561 825 1608 nou
851 1543 1031 1622 procedant.
1080 1541 1224 1607 adfinitas

111 1664 154 1724 est
173 1667 281 1725 autern
302 1661 498 1728 necessitudo
514 1679 728 1743 personarum,
750 1679 831 1741 quae
853 1662 942 1727 nobis
964 1681 1021 1745 per
1036 1661 1161 1742 nuptias
1184 1661 1225 1727 ci·
1246 1679 1277 1731 10

110 1784 156 1843 tra
183 1780 401 1861 cognationem
428 1780 612 1862 iunguntur.
663 1787 698 1846 ut
726 1797 796 1848 ecce
818 1782 994 1864 priuignam
1027 1789 1083 1846 aut
1111 1799 1226 1845 nurum

111 1917 231 1964 uxorem
255 1900 370 1965 ducere
392 1916 454 1964 uon
476 1918 612 1982 possum,
635 1901 709 1982 quia
730 1898 864 1964 filiarum
891 1901 959 1967 loco
989 1908 1071 1966 sunt.
1117 1907 1149 1965 et
1170 1920 1226 1965 nu-

111 2033 160 2082 rus
181 2019 311 2100 quidem
334 2025 382 2085 est
403 2038 480 2085 uxor
501 2019 568 2098 filii,
590 2021 736 2101 priuigno
757 2029 872 2100 autern,
895 2040 989 2103 quam
1012 2041 1050 2086 ex
1065 2021 1135 2086 aliis
1151 2041 1226 2103 nup·

111 2135 158 2201 tiis
179 2157 259 2204 uxor
282 2158 352 2206 mea
373 2139 505 2221 peperit.
549 2142 680 2207 uerbum
702 2147 809 2206 autem
834 2140 1029 2221 ›quondam‹
1048 2140 1226 2206 addendum

112 2262 168 2336 est,
189 2265 227 2322 ut
250 2258 388 2324 dicatur:
411 2279 532 2342 nequeo
555 2279 683 2326 uxorem
707 2260 821 2326 ducere
843 2278 924 2342 quae
947 2259 1021 2323 mihi
1043 2260 1226 2340 quondam
1247 2281 1277 2332 15

112 2394 202 2442 nurus
224 2384 284 2442 aut
305 2379 497 2460 quondam
519 2379 666 2462 priuigno
687 2377 792 2445 fuerit.
830 2379 918 2445 cuius
941 2379 1031 2443 uerbi
1053 2378 1227 2444 adiectione

113 2494 319 2575 significamus
349 2497 410 2561 ianr
437 2515 490 2562 eas
517 2515 666 2579 personas
695 2516 757 2562 uon
785 2503 907 2575 extare,
941 2516 1021 2580 quae
1055 2496 1226 2562 adfinitatis

113 2621 250 2680 auctores
274 2616 400 2681 inerint
444 2620 571 2698 propter
594 2617 675 2682 enim
698 2615 870 2682 adfinitatis
900 2623 1076 2699 respectum
1099 2616 1225 2698 nuptias

112 2735 319 2816 prohibemus,
375 2736 402 2801 si
435 2738 518 2803 enim
552 2738 658 2803 dixero
693 2739 892 2820 quondam
924 2753 1065 2801 nurum
1092 2754 1226 2816 meam,

113 2855 184 2920 satis
206 2857 340 2926 ostendo
363 2875 465 2923 meum
488 2859 612 2937 quidem
634 2857 732 2923 filium
756 2858 942 2935 decessisse,
973 2857 1040 2922 eius
1063 2875 1140 2922 uero
1162 2876 1227 2921 ma·
1244 2878 1278 2928 20

114 2972 211 3038 ritum.
258 2975 334 3040 item
355 2976 382 3040 si
405 2976 511 3041 dixero
533 2975 726 3058 quondam
749 2976 846 3041 mihi
868 2975 1112 3058 priuignam,
1135 2975 1228 3054 signi-

113 3089 166 3157 fico
177 3101 311 3159 matrem
323 3093 447 3176 quidem
459 3094 537 3174 eius,
554 3113 655 3161 meam
667 3115 742 3161 uero
754 3114 883 3161 uxorem
893 3103 1049 3160 mortuam
1061 3113 1139 3160 esse.
1155 3113 1228 3158 nam

114 3210 138 3274 si
162 3211 267 3277 adhue
296 3212 395 3279 altera
423 3232 536 3291 nurus,
565 3212 665 3280 altera
693 3215 839 3296 priuigno
864 3213 919 3294 sit,
950 3215 1068 3281 maiore
1094 3213 1229 3294 quadarn

114 3333 231 3400 ratione
253 3332 420 3414 prohibeor
439 3352 508 3399 eam
523 3338 636 3400 ducere
651 3353 788 3413 uxorem,
811 3354 882 3402 cum
903 3342 960 3400 aut
981 3334 1033 3398 uir
1052 3335 1129 3398 duas
1149 3334 1230 3399 foret

116 3468 222 3518 uxores
245 3452 409 3519 habiturus
430 3460 488 3519 aut
508 3455 622 3520 mulier
644 3455 722 3521 duos
744 3456 839 3520 uiros.
862 3473 934 3521 nam
950 3454 976 3517 si
993 3472 1106 3518 nurum
1129 3471 1229 3518 meam
1246 3463 1279 3514 ao

115 3587 238 3636 uxorem
261 3570 386 3651 duxero,
409 3572 463 3638 fiet
485 3580 520 3638 ιιι
542 3573 595 3638 illa
617 3574 695 3638 duos
717 3573 832 3639 habeat
854 3573 1000 3653 maritos,
1031 3593 1134 3639 meum
1172 3574 1228 3639 sci·

116 3687 182 3755 licet
203 3689 302 3755 filium
324 3701 356 3760 et
378 3712 442 3776 me;
465 3694 513 3760 sin
535 3701 640 3760 autem
663 3694 852 3777 priuignam,
873 3693 928 3759 fiet
949 3699 985 3758 ut
1008 3711 1065 3775 ego
1081 3692 1160 3758 duas
1175 3693 1229 3757 ha·

116 3807 200 3873 bearn
223 3829 345 3890 uxores
370 3830 439 3877 eam
454 3811 574 3879 scilicet
588 3831 683 3893 quam
702 3812 790 3896 prius
805 3813 961 3879 habebam
977 3811 1107 3894 eiusque
1122 3811 1227 3889 filiam,

117 3930 290 4006 quaemihi
312 3931 458 4013 priuigna
480 3938 537 3997 est.
572 3931 715 4012 capitalis
737 3938 842 3998 autem
864 3950 965 4014 poena
987 3939 1037 3997 est
1058 3930 1229 3998 constituta
