3038 4884
567 411 778 476 ..38-

120 598 218 677 ›serit
240 596 342 680 prima
365 598 491 682 quidem
517 597 597 665 facie
623 617 749 665 seruum
775 599 972 679 distrahens,
1002 598 1097 666 tacite
1124 604 1230 665 autem

120 723 239 800 »pactus
269 725 307 784 ut
335 718 395 784 sibi
425 719 590 797 reddatur,
624 719 813 785 seueriorem
848 719 1018 802 principem
1051 719 1230 798 experietur

119 838 193 904 »tale
208 839 379 906 admittens
394 838 514 906 facinus
529 839 732 922 fraudemque
755 840 823 906 eius
845 839 961 908 iaciens
983 838 1227 906 constitutioni«

567 1129 771 1144 *au——

377 1451 424 1517 De
445 1450 549 1533 patria
569 1457 736 1534 potestate.
781 1449 904 1516 Titulus
927 1451 956 1516 9.

191 1623 391 1705 Propositum
414 1624 516 1690 estin
539 1621 754 1705 superioribus
781 1622 812 1686 in
842 1611 998 1702 potestate
1026 1618 1143 1684 habere
1171 1637 1228 1684 nos

114 1746 174 1805 tum
200 1759 312 1807 seruos
339 1747 462 1806 nostros
492 1747 558 1806 tum
584 1740 698 1807 liberos
726 1744 860 1805 nostros.
911 1757 1044 1822 cumque
1073 1743 1112 1808 de
1141 1747 1227 1824 pote-
1262 1748 1279 1798 5

115 1866 190 1926 state
212 1862 472 1940 tractarerimus,
502 1880 595 1943 quam
617 1861 649 1926 in
672 1879 781 1926 seruos
803 1861 971 1939 habemus,
1001 1867 1103 1927 restat
1130 1867 1166 1927 ut
1189 1862 1228 1928 de

115 1986 280 2059 potestate,
310 1999 404 2064 quam
434 1983 465 2045 in
495 1981 608 2047 liberos
638 1981 805 2059 habemus,
834 1981 1044 2062 dispiciamus.
1086 1980 1120 2046 in
1141 1987 1229 2063 pote-

115 2105 189 2165 state
210 2108 320 2166 nostra
346 2107 420 2166 sunt
446 2098 538 2166 liberi
566 2100 681 2178 nostri,
710 2116 788 2180 quos
819 2117 856 2165 ex
884 2098 979 2166 iustis
1008 2097 1127 2181 nuptiis
1157 2119 1227 2182 pro

83 2232 100 2282 1.
115 2220 329 2285 creauerimus.
390 2222 417 2283 1.
455 2219 591 2301 Nuptiae
632 2220 699 2284 siue
735 2217 965 2285 matrimonium
1006 2218 1089 2300 apud
1129 2217 1227 2285 Grae-

115 2355 160 2402 cos
182 2340 284 2424 γάμος
306 2339 404 2404 audit.
449 2339 577 2421 etquid
601 2343 650 2403 est
671 2335 926 2403 matrimonium?
948 2337 1008 2401 uiri
1031 2343 1063 2402 et
1085 2337 1225 2404 mulieris
1245 2349 1277 2400 ιο

115 2457 284 2526 coniunctio
311 2458 505 2525 indiuiduam
538 2458 624 2524 uitae
660 2458 914 2525 consuetudinem
951 2457 1135 2538 promittens
1169 2475 1225 2523 seu

81 2588 100 2638 a.
115 2579 280 2645 continens.
325 2580 354 2642 2.
388 2577 442 2645 Ius
464 2584 570 2644 autem
592 2577 773 2658 potestatis,
800 2577 883 2657 quod
906 2576 938 2641 in
962 2576 1077 2642 liberos
1099 2582 1225 2644 nostros

114 2693 267 2778 habemus,
290 2716 488 2766 romanorum
510 2697 725 2763 tantummodo
746 2699 907 2780 proprium
930 2703 987 2762 est.
1029 2715 1120 2762 nemo
1143 2697 1223 2761 enim

115 2815 184 2882 nlius
205 2824 265 2892 est,
288 2818 343 2899 qui
366 2816 460 2883 talem
482 2815 515 2881 in
537 2835 611 2882 suos
640 2815 754 2882 liberos
780 2815 896 2882 habeat
917 2819 1120 2897 potestatem,
1149 2833 1226 2896 qua·

114 2934 167 3000 iem
192 2938 327 3003 Romani
356 2937 481 3003 habent.
530 2936 636 3016 itaque
665 2935 742 3001 iuris
772 2934 872 3001 ciuilis
902 2934 1054 3000 eiusmodi
1082 2939 1223 3017 potestas
1244 2951 1275 3002 15

82 3061 255 3134 aestuum
279 3073 325 3134 ea,
349 3073 442 3136 quam
465 3057 495 3121 in
518 3073 628 3122 seruos
650 3054 811 3133 habemus,
834 3054 876 3118 sit
897 3051 976 3118 iuris
997 3054 1148 3136 gentium.
1193 3053 1223 3117 3.

115 3172 166 3252 Qui
186 3175 285 3258 igitur
307 3195 345 3241 ex
367 3195 416 3242 me
438 3183 470 3240 et
491 3193 587 3242 uxore
610 3195 678 3242 mea
701 3174 839 3240 nascitur
854 3175 885 3238 in
901 3193 971 3239 mea
986 3178 1034 3240 est
1049 3177 1223 3256 potestate;

115 3293 181 3359 item
206 3297 262 3379 qui
291 3315 328 3361 ex
356 3294 420 3361 filio
442 3297 495 3376 qui
518 3297 578 3361 mei
604 3293 684 3361 iuris
707 3301 756 3360 est
790 3301 822 3359 et
849 3313 945 3359 uxore
976 3293 1043 3359 eius
1071 3291 1222 3372 nascitur,

115 3413 188 3480 idest
208 3434 306 3497 nepos
329 3433 417 3481 meus
440 3432 570 3495 meaque
592 3414 694 3495 neptis
717 3431 817 3498 aeque
838 3414 870 3477 in
894 3430 963 3477 mea
986 3416 1222 3493 estpotestate.

115 3531 186 3598 idem
208 3535 331 3617 optinet
352 3532 431 3600 etin
452 3538 624 3616 pronepote
646 3538 679 3598 et
699 3539 850 3614 pronepte
880 3538 912 3596 et
930 3531 1076 3612 deinceps
1099 3531 1221 3598 ceteris.
1240 3553 1276 3605 no

116 3652 162 3728 qui
182 3658 288 3719 temen
311 3671 348 3717 ex
369 3651 434 3716 iilia
455 3670 525 3718 mea
546 3658 730 3728 naseuntur,
761 3651 814 3715 aui
843 3651 892 3716 sui
914 3650 1049 3716 materni
1071 3649 1223 3732 potestati

116 3787 168 3835 non
190 3773 390 3852 subiciantur,
410 3778 459 3836 set
479 3773 579 3854 patris
600 3773 649 3837 sni
670 3771 703 3836 in
727 3776 884 3853 potestate
906 3773 1009 3836 erunt.

564 4061 760 4070 -ι--μ-
