3022 4884
549 429 783 492 -lli-

112 619 210 679 autem
234 613 382 694 emptoris
404 611 497 680 tidem
518 614 655 682 confisus
676 631 746 681 sese
767 615 903 695 pretium
925 620 1176 694 consecuturum,
1197 621 1232 680 et

112 731 164 798 hoe
185 751 260 799 oasu
282 733 414 803 dicimus
429 735 536 802 statim
559 751 624 799 rem
641 733 672 798 in
695 739 866 816 emptorem
889 732 1062 798 dominium
1085 733 1229 802 transire.

69 850 156 914 4242.
189 851 284 917 Nulla
314 860 364 918 est
390 852 567 919 differentia
596 853 627 917 in
659 849 829 919 traditione
858 859 964 917 utrum
992 853 1059 934 ipse
1087 851 1231 918 dominus

69 972 210 1038 tetradat
232 991 272 1039 an
296 973 458 1039 uoluntate
481 974 550 1039 eius
572 971 662 1038 alios.
707 971 758 1036 43.
793 973 863 1054 Qua
885 971 1008 1037 ratione
1037 972 1063 1036 si
1091 971 1140 1036 coi
1162 989 1231 1058 per·

111 1091 225 1160 mittam
248 1092 380 1161 liberam
407 1092 604 1174 negotiorum
633 1109 773 1158 meorum
803 1090 1120 1168 administrationem,
1149 1091 1175 1155 is
1204 1090 1230 1158 ei
1264 1089 1281 1140 ⁶

110 1209 178 1292 quid
199 1228 308 1282 rerum
330 1229 468 1282 mearum
492 1211 609 1280 uendat
632 1218 664 1277 et
686 1210 792 1276 tradat
818 1209 988 1278 dominium
1018 1209 1051 1274 in
1077 1206 1231 1289 aecipien-

69 1333 167 1394 atem
189 1328 350 1394 transfert.
393 1329 520 1394 uidetur
543 1328 625 1395 euim
647 1328 812 1395 uoluntate
834 1327 953 1394 domini
972 1327 1004 1392 id
1026 1326 1139 1392 iecere.
1178 1325 1229 1390 44.

110 1447 192 1512 Lioet
213 1447 336 1530 aliquos
359 1465 450 1512 cesus
472 1446 631 1526 inuenire,
659 1449 690 1511 in
718 1445 832 1529 quibos
859 1446 954 1516 etiam
981 1447 1061 1511 eitra
1089 1443 1231 1510 traditio·

109 1583 174 1631 nem
196 1566 284 1631 nuda
306 1571 427 1630 tantum
450 1564 597 1630 uoluntas
627 1564 744 1630 sufficit
770 1564 811 1631 ad
841 1564 1011 1630 dominium
1041 1561 1231 1628 transferen-

110 1685 187 1752 dum.
231 1690 269 1750 ut
291 1702 362 1753 eece
384 1682 580 1749 commodaui
603 1682 661 1750 tibi
684 1683 798 1752 librom
822 1701 939 1761 meum,
970 1689 1026 1748 aut
1048 1681 1150 1747 locaui
1173 1681 1231 1748 tibi
1251 1698 1282 1749 ro

109 1822 212 1886 agrum
237 1823 351 1878 meum,
373 1810 429 1868 aut
450 1803 581 1886 deposui
603 1805 686 1885 apud
709 1811 741 1870 te
764 1803 883 1870 discum
907 1821 1020 1872 meum.
1065 1801 1098 1867 Si
1121 1809 1232 1884 postea

109 1925 179 1994 haee
206 1921 266 1989 tibi
296 1923 429 1990 ueniam
457 1928 515 1991 aut
542 1921 623 1992 dono
652 1922 738 2000 dem,
772 1921 880 1990 statim
910 1940 947 1989 ao
975 1920 1146 1990 uendidero
1174 1939 1231 1990 eeu

109 2042 264 2114 donauero
296 2042 456 2112 domiuum
488 2046 522 2109 te
554 2041 758 2120 constituam,
792 2039 879 2108 nulla
912 2040 1080 2108 traditione
1112 2045 1230 2108 secute

110 2176 173 2224 oum
197 2160 281 2228 enim
303 2160 366 2226 iam
388 2159 509 2243 pridem
531 2178 585 2230 eae
608 2177 658 2225 res
680 2159 868 2228 naturaliter
891 2155 1064 2236 detineres,
1096 2177 1133 2222 eo
1164 2161 1230 2240 ipso

110 2279 186 2357 quod
209 2285 283 2344 tuas
299 2295 368 2345 esse
383 2279 496 2362 patior,
518 2280 624 2345 statim
639 2279 697 2346 tibi
714 2279 884 2345 dominium
904 2277 1079 2361 quaeritur,
1102 2279 1232 2358 perinde
1252 2291 1282 2342 rs

109 2413 143 2461 ao
170 2397 196 2461 si
232 2397 410 2465 donationis
447 2397 569 2464 nomine
604 2397 783 2479 specialiter
816 2396 928 2466 fuisset
956 2397 1084 2466 traditio
1111 2403 1229 2466 secuta.

69 2515 156 2580 mot.
188 2517 329 2598 Deposui
351 2518 382 2581 in
405 2516 518 2583 horreo
541 2535 659 2584 meroes
686 2515 878 2602 complures:
908 2515 1094 2598 persuasisti
1125 2533 1174 2580 me
1197 2521 1232 2580 ut

111 2651 159 2704 ees
187 2635 248 2704 tibi
276 2635 462 2704 penderem:
493 2641 657 2704 contractu
685 2633 824 2720 perfeeto
853 2635 989 2717 pretium
1027 2634 1153 2704 dedisti.
1205 2635 1232 2704 si

110 2751 216 2826 horreo
240 2754 370 2822 adstans
392 2753 498 2825 claues
520 2753 626 2822 horrei
648 2753 707 2820 tibi
728 2752 862 2834 tradem,
884 2755 991 2824 stetim
1007 2753 1156 2824 mercium
1178 2755 1233 2824 do·

69 2871 207 2938 ominus
234 2870 300 2938 fies
349 2873 401 2936 46.
442 2870 543 2954 Saepe
571 2879 683 2954 sponte
712 2873 883 2941 dominium
911 2874 943 2938 iu
971 2873 1127 2955 quendam
1156 2873 1232 2941 mihi
1250 2875 1284 2926 2⁰

110 2987 248 3071 ignotum
270 2991 442 3068 transiero,
469 2993 509 3058 de
537 3010 599 3073 quo
628 2993 843 3075 interrogatos
872 2999 903 3060 et
931 2999 1005 3060 ante
1032 2976 1231 3060 traditionem

110 3113 231 3195 etpost
253 3110 454 3177 traditionem
478 3129 598 3192 nequeo
620 3128 752 3193 prorsus
781 3111 886 3181 dicere
914 3129 1068 3195 quaenam
1091 3114 1133 3178 sit
1153 3111 1232 3178 haee

109 3245 250 3323 persona.
295 3229 353 3296 hoe
375 3227 530 3312 contingit
549 3230 582 3295 iu
605 3231 806 3318 praetoribus
834 3236 866 3297 et
894 3230 1073 3301 oonsulibus
1103 3229 1156 3314 qui
1183 3246 1233 3296 so·

110 3329 172 3430 leot
192 3349 225 3413 in
248 3348 501 3431 processionibus
528 3353 560 3414 et
582 3348 770 3434 speotoeolis
791 3350 945 3432 quaedem
967 3350 998 3414 in
1028 3346 1142 3431 uulgus
1171 3346 1233 3416 iao·
