3096 4890
578 412 818 456 *xm-

137 579 302 656 seruanda,
326 596 440 660 graeca
461 579 678 661 interpretatio
701 577 811 644 addita
832 581 889 642 est.
913 575 1045 658 Saepius
1068 576 1123 642 ubi
1144 593 1259 659 graeca

140 699 253 783 φράσις
274 699 406 764 nimium
434 700 551 764 latinae
580 698 726 764 haereret
753 699 884 779 ideoque
911 698 1074 764 obscurior
1094 696 1257 774 euaderet,

141 818 202 883 alia
224 820 395 886 substituta
417 825 474 897 est,
498 837 579 901 quae
602 817 775 899 elegantior
797 822 830 882 et
856 817 970 883 clarior
1000 822 1091 882 esset.
1137 814 1165 881 si
1188 815 1258 896 quis

140 946 271 1022 quaerat
293 941 375 1005 unde
398 939 496 1004 altera
517 939 594 1004 haec
617 939 855 1023 παραφράσεως
878 936 1017 1004 recensio
1041 935 1143 1021 (cuius
1159 951 1261 1002 exem·

141 1057 211 1139 plar
230 1059 433 1140 praecipuum
448 1058 609 1124 Palatinus
632 1057 729 1123 codex
752 1075 821 1123 esse
844 1057 982 1138 uidetur)
1006 1056 1189 1135 messuerit,
1213 1074 1261 1122 re-

141 1179 349 1260 spondeamus
376 1197 502 1244 necesse
530 1184 578 1244 est
608 1197 675 1244 eam
702 1176 894 1258 probabilius
925 1197 944 1242 a
978 1176 1085 1243 schola
1111 1176 1260 1257 originem

142 1299 265 1372 ducere,
288 1315 381 1379 quam
411 1298 550 1364 condidit
572 1296 796 1363 Constantinus
821 1297 1052 1363 Monomaohus.
1097 1301 1263 1378 utramque

142 1416 224 1483 enim
246 1418 382 1500 linguam
413 1418 525 1484 callere
555 1437 592 1482 ex
622 1418 689 1482 eius
718 1415 951 1482 constitutionis
982 1417 1137 1482 sententia
1167 1419 1263 1482 Ante·

142 1557 281 1605 cessores
304 1540 460 1604 debebant
474 1557 573 1621 eoque
588 1538 653 1617 niti,
670 1544 705 1602 ut
726 1538 822 1602 libros
845 1535 923 1602 iuris
945 1538 1146 1604 emendarent
1168 1541 1263 1618 atquc

142 1660 375 1742 peruulgarent.
426 1659 458 1722 in
480 1675 541 1738 quo
564 1676 658 1738 opere
681 1656 869 1737 perficiendo
896 1676 957 1723 non
985 1657 1088 1722 omnia
1110 1665 1264 1723 correcto·

143 1795 348 1856 resersus,
372 1779 473 1843 etita
503 1778 619 1856 dicam,
649 1795 730 1857 penu
760 1778 973 1858 protulerunt,
1002 1783 1050 1843 set
1078 1777 1201 1844 scholiis
1232 1784 1264 1843 et

144 1898 227 1962 notis
249 1896 297 1962 usi
319 1903 400 1970 sunt,
423 1915 504 1979 quae
525 1899 586 1960 ianr
610 1905 684 1962 tunc
706 1899 855 1978 temporis
877 1902 1028 1963 extarent.
1062 1899 1093 1964 in
1115 1899 1265 1963 uetustio
1378 1951 1380 1956 .

145 2017 232 2083 ribus
254 2018 334 2081 enim
356 2015 600 2097 manuscriptis
623 2017 797 2093 codicibus,
825 2019 877 2098 qui
907 2017 1071 2099 pristinam
1101 2016 1186 2083 illam
1217 2035 1265 2083 re-

145 2138 318 2202 censionem
341 2137 442 2200 adhuc
465 2137 690 2218 praescierunt,
713 2137 830 2202 scholia
853 2142 884 2202 et
906 2138 1028 2218 glossae
1050 2142 1123 2202 sunt
1144 2138 1266 2218 conspi-

144 2274 211 2334 cua,
235 2275 316 2339 quae
338 2257 370 2320 in
393 2255 529 2337 repetita
550 2257 759 2337 praelectione
781 2257 812 2321 in
839 2256 941 2339 ipsum
970 2263 1089 2322 textum
1112 2258 1265 2323 translata

146 2381 228 2441 sunt
281 2375 483 2440 haecomnia
504 2376 534 2440 in
558 2382 667 2441 nostra
689 2376 746 2441 hac
768 2376 903 2441 editione
926 2377 1090 2458 perspicua
1104 2377 1172 2444 iore
1195 2396 1266 2444 con·

145 2493 285 2561 fidimus:
308 2513 378 2561 cum
402 2495 482 2561 enim
512 2497 543 2558 iu
572 2501 660 2560 textu
690 2494 897 2575 antiquiorem
927 2496 1138 2562 recensionem
1167 2499 1265 2564 secuti

147 2616 256 2693 simus,
280 2614 408 2680 alteram
432 2614 581 2681 seriorem
604 2616 636 2679 in
659 2617 741 2681 notis
763 2623 913 2698 perpetuo
936 2617 1113 2682 rettulimus
1136 2619 1188 2701 (ex
1208 2616 1268 2682 Pa·

148 2734 245 2801 latino
267 2736 452 2816 praesertim
475 2741 515 2813 et,
539 2737 621 2818 quod
644 2736 683 2801 ad
702 2736 783 2802 idem
798 2738 889 2809 redit,
913 2737 1124 2804 Laurentiano
1140 2737 1266 2817 LXXX,

151 2856 194 2938 6).
235 2863 333 2922 restat
356 2862 391 2920 ut
413 2858 451 2921 de
473 2855 649 2938 praecipuis
671 2855 828 2922 codicibus
851 2875 951 2939 pauca
973 2859 1171 2923 disseramus.

234 2975 337 3040 Codex
372 2977 509 3041 omnium
540 2977 806 3056 prestantissimus
844 2984 891 3042 est
918 2979 971 3059 qui
1000 2979 1267 3044 Messanensis

148 3102 289 3160 uocatur.
298 3097 322 3175 ¹)
367 3097 421 3176 qui
451 3115 521 3161 cum
543 3096 634 3162 hodie
657 3096 764 3175 lateat,
787 3096 910 3163 collatio
934 3095 1073 3162 (larionis
1097 3098 1268 3179 diligentis·

149 3217 225 3281 sime
247 3214 388 3282 coniecta
411 3224 497 3282 extat
519 3218 550 3282 in
566 3216 666 3297 Regia
680 3217 875 3284 Bibliotheca
891 3217 1094 3299 Berolinensi,
1117 3217 1171 3284 ubi
1185 3218 1269 3284 inter

148 3334 270 3401 codices
297 3354 426 3416 graecos
456 3355 550 3401 manu
583 3337 714 3418 scriptos
741 3338 929 3403 adseruatur
956 3338 1045 3420 (28a.
1068 3339 1099 3403 in
1121 3338 1183 3420 4⁰).
1206 3356 1270 3402 ma·

148 3474 285 3537 gnopere
306 3455 472 3521 dolendum
495 3475 566 3521 eum
588 3457 667 3521 adeo
689 3475 757 3522 esse
780 3458 922 3522 mutilum
952 3463 988 3522 ut
1013 3457 1092 3523 liber
1115 3457 1162 3520 Ι118
1183 3464 1268 3522 totus

148 3576 214 3640 iere
247 3575 464 3652 desideretur,
501 3576 575 3640 item
608 3577 686 3642 liber
720 3575 825 3639 IIII¹¹⁸
859 3598 878 3641 a
910 3579 944 3641 ti.
978 3579 1063 3641 14¹¹⁰¹
1096 3595 1196 3659 usque
1228 3579 1269 3643 ad

149 3693 251 3762 finem.

222 4008 243 4074 1)
263 4006 345 4060 Plura
363 4005 396 4060 de
423 4005 502 4059 huius
520 4005 624 4060 Codicis
650 4011 747 4060 natura
773 4004 885 4073 exposui
909 4005 936 4057 in
958 4002 1120 4058 Rendiconti
1138 4004 1205 4059 dell'
1223 4005 1270 4060 Ist

155 4089 247 4145 Lomb.
267 4095 306 4156 16,
324 4094 355 4145 61
368 4106 407 4158 sq.
440 4091 479 4144 cf.
498 4091 578 4146 etiam
601 4090 777 4144 Bluhmius
800 4091 827 4143 in
852 4090 1036 4158 ephemeride,
1060 4105 1129 4158 quae
1149 4089 1270 4146 inscribi-

155 4179 201 4228 tur
218 4175 372 4230 Zeitscbrift
389 4175 433 4230 itin
451 4176 539 4245 gesch.
557 4175 588 4230 R.
609 4175 651 4230 W.
672 4175 731 4240 Vll,
748 4180 772 4244 3,
791 4178 843 4232 370
852 4191 909 4245 sqq.
