3038 4884
589 403 803 469 ..25-

128 590 224 658 sicuti
264 596 358 656 antea
391 589 631 657 obseruabotur.
693 589 769 671 qnid
807 594 912 656 autem
949 589 983 658 id
1019 588 1062 657 sit
1094 590 1259 660 dicendum

129 718 188 779 est.
240 718 315 778 ante
347 711 452 779 omnia
484 710 516 777 id
549 715 748 795 perspectum
780 710 909 778 habeas.
946 716 995 778 est
1038 710 1122 792 apud
1159 730 1259 778 roma·

129 848 187 897 nos
232 836 320 898 aetas
362 817 506 913 'legitima
546 838 579 898 et
620 836 709 898 aetas
742 829 912 910 naturalis,
952 827 1126 912 legitimum
1163 830 1260 898 domi·

129 949 219 1016 nium
251 956 286 1016 et
318 949 489 1015 dominium
523 948 681 1028 naturale,
715 949 826 1016 modus
854 947 1015 1032 legitimus
1045 950 1260 1018 manumissio·

129 1068 178 1134 nis
214 1073 246 1134 et
281 1068 433 1134 naturalis
455 1067 567 1134 modus
596 1067 858 1135 manumissionis.
887 1073 920 1135 et
947 1067 1099 1135 naturalis
1131 1067 1259 1153 quidem
1290 1067 1310 1120 5

129 1192 219 1253 aetas
242 1194 298 1274 est¹
314 1206 395 1270 quae
416 1187 518 1252 minor
544 1192 592 1252 est
621 1187 711 1253 annis
741 1187 847 1251 XXX:
877 1184 1020 1268 legitima
1048 1204 1130 1270 quae
1159 1188 1259 1255 maior

130 1315 180 1376 est
203 1323 285 1374 anno
308 1305 500 1386 trigessimo.
545 1324 607 1371 non
629 1305 705 1388 qnia
726 1310 864 1372 aetatem
885 1305 975 1372 XXX
997 1305 1087 1373 annis
1109 1304 1258 1372 maiorem

128 1434 246 1494 natura
268 1426 402 1508 ignoret,
425 1443 495 1492 curn
523 1425 624 1490 omnis
653 1429 742 1490 aetus
774 1425 928 1491 naturalis
954 1424 1009 1502 sit,
1038 1429 1088 1491 set
1114 1425 1188 1508 quia
1209 1426 1259 1492 lex

130 1545 201 1611 eius
235 1543 351 1610 aetatis
381 1543 547 1625 specialem
573 1542 684 1608 lecerit
711 1543 918 1622 mentionem,
948 1560 1031 1625 quae
1057 1543 1259 1626 tringcnsimo

132 1682 218 1728 anno
233 1665 332 1728 maior
347 1664 398 1736 sit,
413 1663 483 1728 ideo
498 1661 638 1743 legitima
652 1666 741 1728 aetas
758 1679 795 1727 ea
810 1670 860 1728 est
874 1666 997 1728 uocata.
1020 1669 1068 1728 est
1090 1663 1197 1744 igitur,
1218 1663 1259 1730 si·
1278 1667 1311 1720 1⁰

1 1858 2 1864 ἵ
130 1789 186 1848 eut
216 1783 293 1858 dixi,
321 1780 466 1848 naturale
489 1781 658 1847 dominium
681 1788 713 1847 et
735 1780 910 1864 legitimum
933 1780 1113 1848 dominium.
1169 1787 1258 1849 natu·

130 1902 199 1966 rsle
221 1906 326 1967 autem
346 1901 462 1966 dicitur
476 1902 515 1965 in
538 1900 664 1981 bonis,
687 1906 719 1966 et
734 1900 877 1967 dominus
893 1901 1135 1984 bonitarius3
1158 1903 1258 1988 legiti-

131 2040 204 2087 mus
219 2024 324 2086 eutem
341 2021 456 2087 dicitur
470 2039 511 2086 err
533 2020 615 2087 iure
630 2020 849 2102 Quiritium,
872 2020 955 2088 idest
978 2021 1093 2088 ciuium
1116 2039 1257 2089 romano·

134 2159 207 2208 rum
227 2140 379 2223 (Quirites
403 2141 484 2206 enim
500 2140 648 2206 dicuntur
663 2140 795 2207 Romani
810 2158 830 2204 a
843 2140 986 2220 Romulo,
1009 2140 1092 2207 unde
1106 2140 1257 2224 originem

132 2259 306 2340 duxerunt)
328 2259 473 2324 dominns
496 2276 572 2324 uero
594 2277 639 2324 ex
662 2258 745 2325 iure
767 2259 981 2341 quiritcrio.
1010 2259 1038 2324 si
1060 2259 1131 2341 quis
1153 2265 1257 2326 autem
1277 2270 1309 2323 15

132 2383 304 2458 utrumque
326 2377 458 2444 haberet
481 2376 666 2456 dominium,
690 2378 782 2459 pleno
811 2379 880 2445 inre
910 2378 1054 2445 dominus
1084 2378 1259 2458 dicebatur,

131 2502 244 2579 utpote
265 2495 319 2576 qui
342 2500 511 2578 utrumque
531 2495 704 2577 legitimum
725 2501 758 2562 et
772 2496 916 2563 naturale
930 2497 1062 2564 haberet
1077 2497 1257 2563 dominium.

132 2622 182 2680 cst
205 2619 238 2680 et
259 2613 418 2695 legitimus
445 2614 686 2681 manumittendi
717 2616 828 2680 modus
857 2620 890 2682 et
915 2615 1068 2681 naturalis
1095 2616 1259 2682 manumit-

133 2733 221 2800 tendi
249 2733 369 2800 modus.
412 2738 444 2798 et
472 2732 633 2816 legitimus
660 2733 771 2801 modus
799 2733 952 2800 trifariam
978 2733 1090 2814 fiebat,
1119 2735 1259 2803 uindicta

133 2872 231 2919 censu
261 2841 470 2920 testamento.
510 2854 553 2919 Et
582 2852 722 2920 uindicta
751 2854 954 2922 manumissio
989 2860 1038 2922 est
1065 2872 1146 2937 quae
1174 2856 1258 2939 apud
1276 2872 1311 2924 ao

133 2972 353 3056 magistratum
375 2971 420 3038 fit.
466 2971 630 3040 dicebatur
656 2980 762 3040 cutem
792 2974 947 3050 uindicta,
978 2974 1053 3058 quia
1079 2972 1259 3042 uindicaba-

132 3096 186 3159 tur
208 3091 397 3174 mancipium
419 3091 452 3157 in
475 3093 651 3158 naturalem
672 3092 869 3171 libertatem,
898 3093 949 3160 uel
971 3111 991 3159 a
1012 3093 1155 3160 Vindicio
1184 3111 1259 3178 quo

132 3213 215 3279 dam.
261 3213 330 3294 qui,
359 3229 429 3277 cum
452 3229 564 3278 seruus
592 3220 691 3290 essct,
721 3213 967 3279 coniurationem
995 3213 1149 3279 aduersus
1179 3231 1259 3278 rem·

133 3330 293 3412 publicam
315 3329 454 3395 lutursm
476 3330 594 3396 indicio
616 3332 750 3408 deterrit,
774 3338 807 3396 et
836 3351 855 3396 a
883 3333 1031 3397 Romanis
1058 3331 1181 3414 publice
1211 3339 1260 3398 est

132 3451 359 3516 manumissus:
383 3451 416 3515 in
439 3450 528 3516 cuius
549 3451 698 3516 honorem
721 3470 829 3517 omnes
853 3452 907 3535 qui
934 3451 1018 3534 apud
1040 3453 1258 3536 magistratum
1276 3465 1310 3517 25

133 3570 442 3646 manumitterentur,
459 3569 602 3635 uindicta
618 3571 801 3636 manumissi
817 3570 1012 3637 dicebantur.
1036 3590 1132 3638 censu
1154 3578 1259 3638 autem

132 3689 338 3754 manumissio
359 3689 404 3753 ita
420 3689 618 3770 procedebat.
642 3708 753 3756 census
770 3696 838 3756 eret
854 3691 963 3757 tabula
985 3710 1042 3756 scu
1064 3691 1182 3771 charta,
1206 3692 1259 3759 ubi

133 3809 267 3874 Romani
299 3807 464 3874 facultates
495 3826 568 3874 suas
599 3807 845 3890 profitebantur,
877 3816 912 3876 ut
940 3811 1014 3877 belli
1042 3817 1181 3894 tempore
1203 3828 1259 3891 pro
