2990 4884
719 389 932 452 ..78-

265 573 293 634 οί
328 570 437 634 ὕπατοι
465 577 520 659 τῆς
555 572 708 660 ἑκατέρας
742 574 873 658 φόσεως
901 571 1065 657 ἀνήβοιςῑ)
1101 568 1288 653 ἐπιτρόπους
1313 565 1391 629 κατὰ
1489 557 1490 574 ’

263 670 468 754 inquisitiona
490 673 618 752 διδόναι,
642 673 780 740 τουτέστι
803 675 967 761 ζητοῦντες
989 669 1018 734 εῖ
1042 670 1157 753 ἄποροί
1177 670 1249 733 εἰσιν
1273 669 1302 731 οῖ
1322 667 1391 731 ἐσό-
1490 749 1491 755 ¹

262 796 351 857 μενοι
374 773 579 860 ἐπίτροποιέ),
609 778 637 840 εί
655 781 795 866 χρηστοῦ
826 777 899 859 βίου
907 777 947 858 1),
983 775 1043 856 22⁴)
1073 772 1239 856 δυνάμενοι
1267 770 1390 833 διοικεῖν
1490 768 1492 798 ”

265 875 427 960 ἀλλοτρίαν
450 877 636 960 περιουσίαν.
645 879 671 961 5)
713 880 794 964 μετὰ
816 877 852 940 δὲ
878 877 950 951 τοδς
972 876 1109 951 ὑπάτους
1130 876 1179 938 καὶ
1205 876 1233 935 οῖ
1262 871 1391 954 ρτυὲίο-
1488 949 1492 970 .

229 992 316 1042 bros
344 976 378 1040 ἐκ
405 983 468 1041 τῶν
496 978 669 1052 διατάξεων
697 981 793 1044 ταύτὰ
827 980 959 1043 ἐποίουν.
1013 979 1041 1041 οῖ
1078 979 1139 1060 γὰρ
1169 974 1391 1066 ποοειρημένοι

265 1081 350 1162 νόμοι
380 1083 398 1143 ὁ
429 1079 534 1146 atilios
562 1083 644 1165 καὶὸ)
672 1083 761 1147 titios
791 1081 863 1145 οὔτε
897 1084 967 1167 περὶ
1000 1079 1171 1165 ἀσφαλείας
1203 1076 1391 1161 ὀφειλούσης

262 1181 320 1246 ὑπὸ
343 1183 438 1264 τῶνί)
460 1182 635 1268 ἐπιτρόπων
658 1183 892 1272 παρασχεδήναι
916 1181 1102 1263 διελέγοντο,
1131 1182 1177 1255 ὡς
1202 1182 1270 1242 σῶα
1293 1177 1392 1262 φυλαί·

263 1282 350 1353 ξουσι
371 1285 409 1346 τὰ
431 1289 493 1347 τῶν
515 1284 645 1369 ἀνήβων
668 1287 844 1369 πράγματα,
867 1283 939 1348 οὔτε
969 1285 1041 1368 περὶ
1069 1285 1123 1344 τοῦ
1146 1285 1263 1369 χρήναι
1291 1303 1392 1344 συνω·
1488 1312 1492 1333 ι

262 1383 387 1447 δεῖσδαι
412 1387 466 1448 τὸν
493 1385 660 1470 ἐπίτροπον
690 1388 727 1451 τὰ
755 1391 810 1450 τοῦ
841 1386 913 1451 νέου
944 1385 1066 1449 διοικεῖν
1093 1386 1259 1468 πράγματα
1287 1383 1393 1469 διηγό-

213 1497 246 1548 10
260 1487 357 1569 ρευόν
380 1487 448 1570 τιῧ)
482 1489 512 1551 4.
541 1489 642 1573 Τούτῳ
666 1487 720 1552 οὖν
746 1488 904 1576 χρώμεδα
933 1491 980 1574 τῷ
1009 1488 1141 1572 νόμῳ,8)
1161 1487 1240 1562 ὥςτε
1270 1485 1303 1547 ἐν
1330 1486 1429 1569 μὲνά

264 1582 430 1674 τῇῬώμη
455 1591 506 1652 τὸν
529 1595 584 1676 τής
607 1592 726 1665 πόλεως
749 1590 885 1680 ἔπαρχον
915 1590 934 1677 ή
963 1593 1016 1653 τὸν
1047 1586 1201 1672 ρτυέῒοτυ
1229 1587 1308 1650 κατὰ
1336 1588 1391 1672 τήν

203 1725 206 1732 ⁴
265 1690 377 1752 οἰκείαν
400 1690 654 1775 ίυτίεάἰοίίουαθ)
677 1692 810 1756 διδόναι·
834 1692 885 1756 διὰ
904 1696 997 1756 τοῦτο
1012 1690 1048 1754 δέ
1063 1690 1149 1754 είπον
1176 1688 1302 1751 »κατὰ
1325 1689 1391 1773 τήν

264 1790 413 1853 οίκείαν
433 1790 772 1868 ἱυτὶεδὶοίίουυι,
800 1793 908 1879 ἐπειδή
931 1792 1011 1866 τινές
1034 1793 1154 1874 είσινῙθ)
1182 1789 1227 1863 οἷς
1253 1791 1271 1851 δ
1294 1787 1391 1872 ἔπαρ-

260 1914 327 1977 loc,
350 1893 387 1954 οὐ
408 1894 510 1978 μήνδ
537 1893 678 1976 ρταόίωτ
711 1895 839 1959 δόναται
862 1897 1053 1984 χειροτονεῖν
1082 1891 1260 1979 ἐπίτροπον·
1291 1890 1324 1954 ἐν
1353 1889 1391 1953 δὲ

213 2003 245 2054 15
263 1996 332 2070 ταῖς
353 1994 513 2082 ἐπαρχίαις
534 1998 562 2058 οἱ
583 2001 647 2059 τῶν
669 1996 826 2085 ἐπαρχιῶν
848 1997 998 2084 ἄρχοντες
1020 1995 1083 2081 ήυί
1098 1995 1265 2079 στρατηγοί
1286 1994 1391 2057 κελεό-

265 2118 311 2159 σει
333 2101 396 2159 τῶν
417 2097 588 2184 ἀρχόντων,
611 2097 645 2162 ἐν
666 2097 696 2186 ᾧ
718 2105 779 2163 τῶν
802 2099 930 2186 ἀνήβων
953 2100 1027 2162 εἰσίν
1050 2098 1185 2172 εὐτελεῖς
1210 2097 1242 2158 αἱ
1264 2118 1391 2181 περιου-
1491 2149 1492 2183 η

264 2198 325 2262 σίαι
348 2199 419 2273 τοὺς
440 2198 627 2284 ἐπιτρόπους
650 2200 886 2284 προβάλλονται.
932 2204 961 2267 5.
992 2195 1031 2263 ‘0
1059 2198 1096 2263 δέ
1121 2197 1278 2285 ήμέτερος
1302 2198 1391 2279 βασι·
1407 2203 1430 2253 5·
1490 2188 1493 2257 Ῐ

263 2299 334 2376 λεδς
356 2299 455 2385 ολκείᾳ
476 2299 615 2373 διατάξει
636 2303 692 2376 τὰς
715 2304 971 2387 τοιουτοτρόπους
993 2307 1055 2366 τῶν
1078 2300 1258 2384 ἀνδρώπων
1281 2298 1391 2362 δυσκο-

263 2402 330 2477 λίας
351 2400 516 2486 ἐκτέμνων,
541 2402 715 2486 προσέταξε
737 2405 810 2478 τοδς
832 2403 972 2478 ἐκδίκους
986 2409 1049 2467 τῶν
1067 2404 1188 2466 πόλεων
1203 2403 1258 2486 τήν
1281 2402 1390 2483 tamn)

211 2509 246 2560 20
265 2504 426 2591 ἀρχόντων
448 2503 503 2566 οόκ
525 2504 737 2589 ἀναμένοντας
758 2503 906 2584 κέλευσιν,
930 2505 964 2569 ἐν
986 2504 1015 2592 ᾦ
1036 2507 1057 2592 ή
1078 2508 1133 2567 τοῦ
1149 2502 1272 2590 ἀνήβου
1294 2503 1391 2588 ήγουν

263 2606 317 2666 τοῦ
340 2604 490 2688 ἀφήλικος
509 2603 573 2690 ήῑέ)
601 2606 766 2683 ὑπόστασις
794 2606 856 2681 ἕως
878 2595 912 2691 φ
931 2631 974 2670 νν.
1001 2605 1140 2687 man)
1170 2606 1235 2689 ἅμα
1265 2607 1312 2690 τῷ
1334 2609 1392 2692 τῆς

263 2705 384 2779 πόλεως
405 2705 625 2791 εόλαβεστάτῳ
641 2706 805 2792 ἐπισκόπφ,
822 2709 977 2772 συνόντων
991 2709 1041 2771 καὶ
1053 2705 1173 2790 ἑτέρων
1188 2706 1391 2795 δημοσιευόν-

264 2830 326 2870 των
359 2811 536 2891 προσώπων
573 2807 711 2874 τουτέστι
746 2815 929 2896 στρατηγῶν
963 2809 982 2896 ή
1018 2809 1052 2872 ἐν
1083 2807 1299 2894 Ἀλεξανδρείᾳ
1335 2813 1390 2872 τοῦ
1493 2859 1494 2890 ,

263 2908 443 2991 iurid10u14)
478 2909 664 2994 ἐπιτρόπους
697 2911 716 2998 ή
751 2914 948 2996 κουράτορας
971 2914 1178 2999 χειροτονεῖν,
1212 2909 1391 2995 ἀσφαλείας

211 3030 245 3083 25
263 3009 404 3096 ἐννόμου,
426 3013 509 3077 καδὰ
531 3015 569 3099 τῇ
590 3012 668 3100 αὐτῇ
676 3015 712 3096 ¹⁵)
729 3011 904 3102 περιέχεται
918 3013 1068 3092 διατάξει,
1091 3012 1311 3099 παρεχομένης
1332 3036 1391 3075 κιν-

264 3114 348 3199 δόνῳ
371 3120 433 3178 τῶν
457 3115 569 3203 ταύτην
592 3115 803 3201 κομιζομένων
826 3117 854 3179 εί
875 3116 980 3202 συμβῇ
1003 3116 1075 3190 τοὺς
1090 3114 1204 3200 ταύτην
1217 3115 1274 3200 τὴν
1289 3114 1390 3198 ἀσφά-

262 3217 346 3280 λειαν
368 3217 481 3293 δόντας
508 3218 673 3304 ἀπορήσαι.
725 3221 755 3284 6.
794 3219 831 3282 λδ
858 3218 895 3281 δὲ
922 3219 993 3294 τοὺς
1019 3218 1161 3303 ἀνήβους
1189 3215 1388 3299 ἐπιτροπεόε-
1407 3217 1431 3266 fl*

262 3320 335 3384 σδαι
357 3323 404 3404 τῷ
426 3323 547 3406 φυσικῷ
571 3320 700 3406 συνᾴδει
724 3320 856 3406 νομίμῳ,
884 3319 1000 3384 δίκαιον
1026 3321 1089 3402 γάρ
1112 3318 1178 3382 ἐστι
1198 3317 1273 3394 τοὺς
1294 3318 1390 3402 ἀτελῆ

329 3594 353 3658 1)
371 3591 472 3656 -βυυς
489 3591 520 3648 F.
640 3591 664 3659 11)
682 3591 707 3646 d.
725 3591 755 3644 P.
880 3591 904 3658 ³)
923 3594 1031 3642 -στῶν
1049 3589 1118 3654 βίων
1137 3588 1167 3642 P.
1294 3585 1389 3654 1)Ιι1.

261 3680 324 3730 cett.
342 3677 368 3744 ἦ,
385 3676 435 3732 Ιι1.
452 3676 484 3729 οῖ.
595 3678 617 3742 1)
636 3676 766 3745 ἀλλότρια
784 3676 934 3744 πράγματα
952 3675 990 3741 Ρ,
1008 3673 1158 3742 ἀλλοτρίων
1177 3673 1208 3729 F.
1330 3673 1388 3738 1)ό

261 3759 322 3815 add.
340 3759 383 3814 Vi.
401 3760 434 3815 R.
519 3762 542 3828 1)
561 3761 586 3816 d.
604 3759 647 3816 V'L
665 3760 697 3814 R.
783 3762 807 3828 8)
824 3759 951 3813 -εόσντσ
969 3759 1001 3813 G.
1087 3759 1111 3824 ⁹)
1128 3757 1191 3828 ήτοι
1209 3755 1384 3810 δικαωδσσίαν

262 3844 459 3913 ἢνσμοδεσίαν
478 3845 508 3898 Ρ.
651 3845 685 3910 10)
704 3843 760 3896 eloi
774 3860 799 3899 τ.
818 3842 850 3899 R.
957 3845 991 3909 11)
1009 3841 1035 3895 d.
1051 3843 1082 3896 P.
1195 3841 1273 3910 11)(1.
1294 3840 1335 3895 Vi.
1354 3840 1388 3894 B.

262 3928 297 3994 1³)
316 3929 376 3981 ἐστι
399 3947 421 3981 ν.
444 3929 472 3981 Ρ.
646 3929 680 3994 11)
707 3928 803 3998 scripsi
827 3942 862 3981 ex
886 3928 935 3980 Ll.
958 3927 1019 3981 h².:
1052 3927 1162 3997 λουριςδ.
1190 3926 1251 3982 εδδ.
1276 3932 1331 3981 αυτ.
1356 3925 1387 3981 F.
1491 3947 1492 3964 ι

262 4014 297 4079 11)
314 4013 426 4085 τσιαότη
445 4014 475 4067 Ρ.
1491 3993 1492 4014 ³

330 4129 358 4180 ο.)
375 4114 436 4183 Epi.
458 4117 501 4182 36,
518 4118 559 4170 43.
