3038 4884
554 368 763 432 -47-

105 555 155 621 filii
175 557 235 622 mei
258 573 355 622 nurus
378 554 454 619 mihi
475 573 537 622 non
559 553 729 633 osticam,
753 573 823 622 cum
850 553 979 634 nuptiae
1006 572 1067 620 non
1097 552 1214 620 fuerint

106 681 234 748 secutae3
263 693 366 758 neque
394 673 493 756 patris
527 674 587 739 mei
615 691 730 756 sponsa
753 659 898 740 ⁴nouonca
930 672 1006 738 mihi
1040 671 1123 739 iacta
1156 679 1214 752 est,

105 793 213 872 nuptiis
235 812 300 857 non
323 791 450 870 secutis,
473 791 518 856 ita
540 798 576 856 ut
597 791 680 871 quod
703 791 743 856 ad
766 810 816 869 aa,
840 811 921 874 quae
945 791 976 857 in
1000 792 1214 874 superioribus

105 919 169 977 sunt
194 913 371 995 proposita,
399 931 452 977 aas
479 929 591 978 uxores
619 913 733 978 ducere
759 913 886 994 possim.
937 920 985 978 set
1011 913 1062 979 hic
1090 932 1215 996 qnoque

104 1033 267 1099 honestatis
289 1051 364 1116 crgo
386 1032 532 1099 hortatur
552 1052 609 1100 nos
631 1031 772 1099 Iulianus
794 1034 947 1101 eiusmodi
973 1033 1091 1115 nuptiis
1120 1017 1215 1102 obsti·
1250 1032 1266 1081 ὅ

66 1169 178 1220 canere.
228 1154 280 1216 10.
319 1157 368 1218 An
395 1153 451 1218 illa
480 1172 604 1235 quoque
630 1153 788 1235 cognatio,
817 1171 898 1233 quae
925 1153 958 1218 in
985 1153 1140 1220 seruitute
1168 1162 1217 1220 est

104 1278 268 1350 contacta,
297 1271 417 1354 nuptiis
445 1271 667 1353 impedimento
694 1271 763 1338 est?
792 1278 829 1337 ut
855 1291 927 1340 ecce
953 1273 1024 1354 quis
1053 1291 1122 1339 oum
1152 1272 1217 1338 filia

104 1410 154 1455 sua
173 1391 224 1457 uel
246 1410 306 1457 suo
327 1409 435 1457 sorore
457 1391 666 1456 manumissus
688 1398 750 1457 est:
774 1391 936 1458 uideamus
959 1409 999 1456 an
1022 1391 1148 1474 nuptias
1170 1392 1217 1456 in·

103 1516 145 1575 tar
168 1529 220 1577 cos
243 1511 314 1578 fieri
336 1511 548 1593 permittatur.
597 1519 629 1577 et
655 1513 738 1595 quod
761 1511 802 1578 ad
824 1513 901 1576 iuris
924 1510 1131 1592 suptilitatem
1154 1530 1216 1578 non

103 1629 289 1712 intellegitur
310 1631 373 1696 ulia
396 1649 465 1696 esse
488 1631 570 1696 inter
592 1649 645 1696 eos
666 1632 825 1714 cognatio,
853 1635 902 1698 set
923 1636 1053 1713 proptor
1074 1632 1123 1697 ius
1146 1652 1217 1699 san·
1237 1613 1268 1695 lc

67 1749 196 1831 llguinis
218 1750 397 1816 coniunctio
419 1749 613 1832 prohibetur.
660 1754 709 1816 11.
743 1749 824 1816 Sunt
853 1749 934 1818 aliae
961 1768 1085 1833 quoque
1110 1771 1218 1832 perso·

102 1887 153 1934 nae
176 1887 256 1950 quas
286 1876 416 1951 propter
444 1870 587 1935 diuersas
620 1869 759 1935 rationes
792 1887 913 1955 nequeo
946 1888 1060 1936 uxores
1093 1873 1217 1951 ducere,

102 2009 171 2072 quas
197 1991 229 2054 in
253 1989 393 2072 Digestis
415 2008 472 2056 seu
493 1990 659 2056 Pondectis
681 2009 719 2056 ex
748 1989 856 2056 multis
884 1990 1045 2057 ueteribus
1071 1992 1218 2058 collectas

65 2113 309 2177 rasanotissimos
340 2111 485 2192 princeps
515 2119 623 2177 noster
645 2112 821 2177 enumerari
842 2111 993 2193 permisit.
1024 2112 1073 2174 12.
1097 2109 1218 2194 Siquis

103 2229 247 2296 aduersus
270 2249 309 2296 ea
331 2249 411 2313 quae
433 2230 567 2296 diximus
590 2230 746 2312 quandam
774 2229 936 2296 mulierem
966 2249 1093 2296 uxorem
1124 2232 1219 2297 duxe·
1238 2223 1269 2273 ¹⁵

103 2350 147 2423 rit
167 2368 271 2432 neque
296 2357 462 2432 parentum
488 2350 540 2415 uel
562 2347 731 2415 liberorum
758 2351 974 2432 cognationem
1002 2349 1137 2425 ueritus,
1166 2368 1219 2415 ne-

103 2487 156 2549 que
176 2490 262 2548 eam,
285 2488 366 2551 quae
390 2490 428 2536 ex
456 2476 638 2534 transuerso
667 2475 732 2547 est,
761 2487 862 2549 neque
891 2466 1063 2534 adfinitatis
1089 2465 1219 2551 impedi-

103 2597 232 2656 mentum
265 2595 432 2671 reputans,
467 2588 519 2654 uel
551 2588 645 2654 etiam
677 2587 786 2654 seruili
815 2587 999 2670 cognatione
1027 2587 1218 2669 posthabita,

102 2728 194 2790 noque
215 2713 285 2792 ipse
306 2710 365 2786 uir,
388 2727 489 2790 nequa
511 2707 566 2774 illa
588 2728 666 2774 uxor
692 2709 875 2787 uocabitur,
902 2728 1003 2793 neque
1031 2709 1159 2791 nuptiae
1186 2709 1219 2774 id

101 2831 177 2908 qnod
198 2831 320 2897 iactum
342 2837 524 2910 estusque
547 2831 613 2908 dos,
636 2830 720 2912 quod
743 2829 852 2895 datum
874 2836 933 2894 est
977 2834 1026 2894 set
1047 2846 1118 2894 cum
1140 2829 1219 2894 haec
1236 2835 1272 2886 20

102 2949 138 3014 ad
157 2950 317 3017 hominum
338 2947 567 3032 flagitiosorum
581 2949 741 3015 libidinem
758 2947 959 3015 coercendam
975 2967 1036 3014 non
1052 2946 1219 3025 sufficiant,

102 3071 244 3137 maiorem
267 3071 425 3152 quandam
452 3068 584 3152 poenam
612 3069 661 3135 lox
687 3070 856 3151 inrogauit.
904 3073 1032 3134 cautum
1060 3073 1110 3133 est
1138 3066 1220 3131 enim

103 3208 137 3255 ne
155 3191 209 3273 qui
233 3210 273 3257 ex
294 3190 449 3257 eiusmodi
470 3190 555 3256 coitu
577 3195 750 3256 nascantur
775 3189 806 3254 in
828 3194 985 3269 potestate
1011 3187 1112 3269 patris
1141 3186 1220 3260 sint;

101 3315 132 3373 et
150 3327 229 3392 quos
252 3317 368 3376 natura
391 3312 535 3388 donauit,
566 3310 615 3374 ius
638 3310 772 3394 ignorat,
795 3315 904 3393 utpote
930 3309 985 3392 qui
1015 3313 1124 3374 contra
1152 3304 1219 3371 eius

104 3427 210 3506 placita
232 3429 300 3497 nati
327 3431 401 3497 sint.
451 3431 507 3498 sed
536 3430 620 3512 qnod
647 3430 688 3495 ad
715 3429 855 3513 parentis
882 3432 1070 3511 potestatem
1096 3403 1219 3504 attinet,
1238 3428 1271 3480 25

103 3547 175 3617 tales
197 3550 242 3615 hir
255 3550 421 3632 habentur,
441 3550 550 3631 quales
573 3551 627 3632 qui
649 3550 745 3631 uulgo
767 3547 909 3631 concepti
931 3554 1013 3614 sunt.
1042 3565 1145 3628 noque
1166 3543 1220 3611 isti
