3022 4884
549 443 696 508 -·128
739 479 781 492 -··

71 645 95 696 a.
112 632 164 714 qui
183 630 410 697 usumfructum
433 623 537 705 habet
559 633 591 696 id
614 631 717 698 facere
732 634 942 712 permittatur.
966 632 994 694 2.
1018 631 1086 711 Qui
1100 632 1223 697 aedium

111 767 196 814 naum
216 749 311 814 habet
332 749 484 816 hactenus
506 751 583 814 iuris
612 749 729 816 habere
759 749 968 832 intellegitur,
997 759 1032 816 ut
1060 752 1127 832 ipsa
1155 757 1224 816 tan·

109 876 172 933 tum
194 869 328 946 habitet,
351 887 408 934 nec
430 871 461 933 in
490 867 586 936 aliurn
616 869 840 936 habitationem
869 871 1048 936 transferat.
1102 871 1224 957 quaesi-

109 995 171 1051 tum
193 993 241 1052 est
262 1007 302 1053 an
325 989 354 1053 ei
376 986 470 1054 liceat
491 988 646 1070 hospitem
669 989 807 1071 recipere
829 999 862 1055 ct
882 989 1002 1071 placuit
1023 991 1125 1056 licere.
1154 1008 1223 1055 con·
1260 1059 1263 1064 ,

107 1105 225 1172 ceditur
247 1113 352 1171 autern
374 1108 404 1172 ei
425 1108 457 1171 in
480 1108 674 1174 habitatione
695 1127 824 1175 uxorem
846 1110 963 1176 habere
990 1119 1022 1174 et
1051 1128 1123 1175 suos
1146 1110 1222 1177 libe·
1256 1127 1273 1176 o

107 1243 157 1290 ros
177 1234 210 1291 et
231 1225 378 1304 libertae,
409 1244 549 1293 necnon
573 1237 605 1292 et
626 1236 746 1292 ceteras
772 1227 888 1293 liberas
914 1247 1080 1309 personas,
1109 1231 1222 1310 quibus

106 1362 164 1410 non
195 1347 300 1411 miuus
327 1363 421 1426 quam
451 1348 552 1412 sermo
580 1346 696 1427 utitur,
725 1347 826 1413 ueluti
854 1348 1061 1414 mercenariis.
1114 1356 1163 1414 set
1195 1349 1222 1412 si

105 1465 226 1531 muheri
248 1485 324 1530 uana
346 1466 470 1532 aedium
492 1465 620 1532 relictus
643 1468 700 1544 sit,
728 1467 801 1534 licet
831 1469 859 1531 ei
889 1466 987 1533 libere
1015 1468 1129 1533 ibidem
1151 1485 1222 1532 cum

65 1595 86 1645 3.
102 1585 213 1650 marito
236 1585 389 1651 habitare.
426 1585 457 1648 3.
490 1584 523 1650 Si
546 1605 622 1651 usus
645 1586 729 1652 serui
750 1586 826 1650 mihi
849 1587 1047 1662 concedatur,
1070 1603 1128 1668 ego
1150 1607 1222 1668 ope·

103 1706 144 1769 ris
165 1709 288 1770 tantum
311 1711 343 1770 et
364 1704 538 1772 ministerio
561 1707 628 1771 eius
650 1705 698 1770 uti
720 1723 864 1787 possum,
887 1705 921 1770 in
943 1706 1038 1770 alium
1060 1712 1166 1771 autem
1188 1706 1273 1777 id1o

102 1825 176 1889 luris
199 1823 370 1889 transferre
391 1807 568 1905 prohibeor.
612 1825 693 1890 idem
716 1831 765 1889 est
793 1841 918 1905 quoque
940 1826 967 1890 si
990 1825 1122 1890 iumenti
1144 1844 1221 1891 usus

62 1953 84 2001 4.
101 1943 177 2008 mihi
199 1961 364 2010 concessus
388 1943 438 2008 sit
482 1945 513 2006 4.
547 1943 581 2009 Si
603 1945 708 2026 gregis
730 1943 829 2009 ueluti
850 1946 957 2010 ouium
978 1962 1054 2010 usus
1077 1946 1151 2010 mihi
1178 1946 1221 2011 le·

99 2070 193 2144 gatus
215 2064 265 2142 sit,
288 2079 389 2142 neque
410 2063 490 2128 lacte
512 2080 614 2143 neque
634 2064 725 2146 agnis
747 2081 849 2148 neque
872 2082 979 2129 aarum
994 2063 1068 2130 lana
1081 2065 1128 2129 uti
1150 2082 1220 2145 pos·

99 2201 177 2260 sum,
201 2184 370 2251 cumhaec
392 2182 551 2250 infructu
573 2184 645 2262 sint,
674 2191 707 2250 et
732 2183 803 2249 ideo
831 2185 871 2250 ad
901 2182 1130 2252 usumfructum
1158 2202 1219 2250 non

97 2303 137 2368 ad
159 2321 253 2368 usum
275 2302 462 2384 pertineant
507 2310 556 2369 set
577 2301 649 2369 ideo
672 2310 794 2369 tantum
821 2303 946 2369 confert
972 2304 1145 2369 mihi-usus
1166 2323 1270 2384 pce-15

97 2440 216 2501 corum,
238 2423 322 2504 quod
344 2441 381 2487 aa
402 2423 518 2504 possim
534 2422 567 2486 in
581 2422 711 2487 fundum
734 2441 836 2488 meum
858 2441 951 2504 agere
978 2422 1019 2487 ad
1047 2440 1118 2487 eum
1140 2428 1219 2488 ster-

96 2542 286 2621 corandum
315 2548 436 2607 stercus
465 2546 571 2608 antem
600 2560 747 2625 pecorum
770 2540 904 2607 fertilem
927 2547 959 2607 et
981 2543 1128 2622 pinguem
1150 2539 1218 2607 fun·

59 2667 80 2716 5·
96 2661 171 2727 dnm
194 2662 309 2727 reddit.
354 2663 383 2726 5.
418 2660 451 2726 Si
474 2662 525 2726 cui
546 2661 698 2727 habitatio
720 2660 826 2744 legata
853 2661 920 2726 siue
950 2661 1011 2725 alio
1036 2679 1098 2743 quo
1126 2661 1218 2726 modo

95 2781 270 2848 constituta
291 2781 343 2855 sit,
365 2797 467 2861 neque
489 2799 565 2846 usna
590 2782 624 2847 id
652 2799 721 2846 esse
743 2782 870 2848 uidetur
891 2800 993 2863 nequa
1021 2781 1218 2847 ususfructus

93 2910 142 2969 set
164 2903 259 2982 qnasi
281 2900 442 2983 proprium
464 2900 591 2980 aliquod
613 2902 673 2966 ius.
706 2902 882 2983 quaesitum
905 2908 954 2968 est
975 2921 1016 2966 an
1038 2902 1066 2965 is
1088 2902 1142 2983 qui
1163 2902 1216 2966 ha·
1234 2933 1271 2984 20

94 3019 279 3086 bitationem
313 3021 427 3087 habeat
461 3019 590 3085 eandem
617 3019 672 3084 alii
700 3019 804 3084 locare
829 3020 946 3102 possit,
979 3027 1026 3098 et,
1059 3021 1217 3104 plerisque

92 3140 317 3205 iureconsultis
338 3139 542 3221 negantibus,
565 3158 627 3204 uno
656 3145 762 3204 autem
784 3139 933 3204 Marcello
962 3139 1065 3204 locare
1090 3141 1215 3221 permit-

92 3267 192 3338 tente,
214 3257 280 3324 lata
301 3266 350 3324 est
372 3257 556 3324 constitutio
578 3257 711 3340 piissimi
734 3259 883 3338 principis
913 3257 1013 3323 nostri
1036 3267 1216 3322 controuer-

91 3381 175 3445 sium
200 3377 347 3443 decidens
374 3386 406 3444 ct
433 3377 574 3443 Marcelli
601 3386 730 3460 propter
758 3395 864 3442 rerum
894 3376 1064 3442 utilitatem
1092 3381 1215 3440 senten·

91 3498 169 3564 tiam
195 3495 347 3580 amplexa,
370 3516 433 3579 qua
455 3499 483 3562 ei
505 3514 566 3561 non
590 3503 712 3562 tantum
740 3497 773 3562 in
801 3516 838 3562 ea
868 3497 980 3578 degere
1007 3502 1057 3561 set
1085 3501 1117 3560 et
1144 3494 1213 3560 aliis
1231 3521 1268 3573 25

54 3629 75 3680 o.
92 3637 160 3684 eam
179 3614 283 3683 locare
305 3617 495 3684 conceditur.
520 3617 550 3680 6.
572 3615 694 3684 Sufficit
714 3615 791 3683 haec
807 3618 845 3682 de
860 3616 1066 3683 seruitutibus
1089 3620 1121 3681 et
1142 3633 1215 3680 usu·
