3078 4882
593 443 824 507 -178-

104 646 127 700 n.
145 627 327 707 aditionem,
356 637 466 712 utpote
496 632 588 698 homo
614 630 696 697 iiber
720 649 780 696 suo
800 631 942 699 orbium
960 631 1074 700 edihit
1124 631 1153 694 n
1187 631 1274 697 Hnec

145 747 178 814 in
201 743 313 829 primis
334 756 498 830 perspectu
519 750 644 816 hebens.
679 763 812 833 quorum
831 767 904 818 com
925 752 1059 820 dominis
1081 751 1274 818 momenti-

145 866 314 932 tunionem
341 867 511 946 hebemus,
543 869 601 934 hoe
634 885 743 935 seruos
771 866 902 938 heredes
931 869 1067 938 scribere
1097 885 1272 952 possumus.

146 1005 259 1052 seruus
282 989 364 1052 enim
396 1004 465 1053 cum
496 987 617 1053 nullam
645 986 760 1055 habeat
789 1007 971 1072 personam,
1000 1010 1038 1056 ex
1065 989 1191 1073 proprio
1221 990 1274 1055 do·

147 1105 233 1170 mino
264 1104 395 1171 formem
424 1105 549 1188 recipit.
602 1126 640 1174 eu
675 1107 758 1190 quod
787 1109 860 1175 iude
888 1108 1041 1188 sequitur.
1095 1106 1177 1174 Titio
1206 1115 1275 1174 eret
1309 1105 1327 1156 ὅ

25 1228 30 1237 ’
146 1243 260 1290 seruus
285 1226 408 1292 nomine
431 1225 570 1292 Seuius.
606 1227 688 1293 huuc
710 1224 852 1294 Stichum
874 1228 1021 1294 heredem
1044 1226 1167 1292 institui
1189 1227 1274 1292 hisce

147 1344 270 1410 uerbim
297 1351 387 1410 ceto
417 1346 511 1410 mihi
535 1344 701 1412 Stichus
719 1347 846 1413 ‘heres
876 1350 1150 1428 postmortem
1173 1343 1274 1409 Titii

146 1465 293 1530 domiui
323 1467 394 1529 sui.
444 1468 624 1546 quaerimus
653 1485 693 1531 en
722 1466 804 1532 forte
831 1471 1052 1532 testamentum
1082 1463 1192 1530 inutile
1220 1465 1272 1542 sit,

147 1601 217 1648 cum
241 1583 343 1648 Titius
368 1591 509 1649 mortuus
531 1585 563 1650 in
586 1602 692 1651 rernm
715 1591 829 1651 nomm
852 1603 911 1650 non
941 1586 998 1662 sit,
1028 1601 1065 1650 ex
1094 1584 1182 1648 euius
1204 1602 1273 1665 pe.¹

146 1721 226 1768 sone
259 1700 385 1774 Stichus
420 1703 767 1771 testamentifsctiooem
803 1705 944 1785 accipiet.
996 1709 1044 1770 set
1080 1703 1180 1786 magis
1208 1703 1326 1784 pin-1⁰

146 1823 214 1888 cuit
240 1823 467 1888 iustitutionem
498 1824 613 1890 ualere.
663 1825 734 1890 licet
763 1824 844 1890 onim
872 1841 933 1890 uon
963 1823 1052 1889 uiuet
1072 1822 1189 1900 Titius,
1220 1823 1272 1904 qui

146 1941 216 2008 eius
247 1942 391 2008 domiuus
419 1941 540 2018 fueret,
570 1949 673 2008 temen
703 1960 814 2008 seruire
844 1942 1072 2008 inhereditete
1095 1943 1273 2008 continetur

146 2067 179 2127 et
201 2060 411 2126 hereditarius
434 2068 495 2125 est:
519 2077 589 2126 cum
612 2060 715 2126 seruis
736 2067 842 2127 eutem
865 2059 1063 2127 hereditariis
1078 2059 1273 2126 testamenti-

148 2179 314 2246 inctionem
337 2182 497 2246 hebemus.
536 2179 694 2246 hereditas
717 2181 798 2246 enim
825 2179 962 2246 nondum
993 2181 1079 2245 edite
1107 2195 1272 2260 personam

146 2303 290 2381 optinere
318 2303 443 2367 uidetur
471 2301 627 2377 defuncti,
663 2320 722 2366 nou
757 2299 883 2368 heredis
912 2300 1021 2366 futuri.
1071 2302 1127 2366 hoc
1162 2313 1272 2365 uerum
1294 2312 1324 2362 in

146 2439 218 2486 esee
240 2420 314 2486 inde
339 2426 426 2502 petet
447 2421 529 2500 quod
553 2421 579 2484 si
602 2421 672 2502 quis
694 2418 827 2486 decedet
854 2419 952 2485 filium
979 2427 1158 2502 postumum
1180 2417 1268 2484 relin-

146 2557 257 2622 quens,
281 2539 419 2604 defuncti
441 2557 568 2606 seruum
592 2545 676 2606 recte
699 2539 844 2605 heredem
859 2538 1024 2610 instituere
1038 2555 1176 2619 possum,
1200 2536 1272 2602 licet
1308 2611 1310 2616 ¹

147 2665 313 2740 postumus
347 2659 484 2723 noudum
517 2659 559 2722 sit
593 2664 705 2730 nutus:
747 2658 890 2738 quemuis
923 2657 1058 2724 alienum
1092 2661 1271 2738 postumum

148 2779 283 2858 (alienus
305 2785 354 2842 est
376 2777 430 2856 qui
452 2782 546 2842 uetus
569 2776 644 2840 mihi
666 2794 742 2842 suus
770 2775 862 2842 heres
892 2794 953 2841 nou
980 2775 1028 2856 fit)
1055 2793 1116 2840 non
1145 2775 1272 2855 permit

147 2905 217 2961 tent
239 2901 363 2961 ueteres
386 2895 531 2961 heredem
555 2896 728 2962 instituere.
773 2895 801 2960 si
825 2911 899 2961 uero
928 2895 1131 2974 incorporalis
1154 2896 1272 2962 heredi·
1291 2896 1325 2947 20

148 3023 198 3080 tos
217 3015 317 3080 futuri
339 3015 462 3080 heredis
486 3032 651 3097 personam
674 3015 853 3090 sustineret,
878 3031 938 3078 nou
962 3021 1047 3079 recte
1070 3015 1101 3078 iu
1124 3013 1182 3079 hoc
1198 3031 1271 3080 casu

104 3157 128 3206 3,
147 3153 260 3200 seruus
284 3135 494 3212 hereditarius
517 3133 706 3199 scriberetur
729 3132 830 3198 heres.
875 3133 905 3195 3.
940 3131 1049 3198 Plures
1072 3133 1164 3197 unius
1186 3131 1271 3197 serui

146 3254 264 3318 domini
287 3271 358 3318 cum
381 3255 453 3332 sint,
478 3269 605 3335 mesum
629 3252 709 3317 huuc
738 3251 885 3316 heredem
908 3252 1072 3316 instituere
1102 3257 1134 3315 et
1163 3255 1272 3330 quete-

146 3391 205 3438 nus
229 3389 299 3438 cum
329 3375 472 3440 omnibus
500 3349 846 3440 testamentifsctionem
873 3371 1013 3446 habeam,
1043 3385 1100 3451 pro
1130 3367 1272 3452 portione

101 3506 126 3554 4.
145 3494 275 3560 dominii
304 3492 470 3573 unicnique
499 3509 569 3556 mee
598 3498 767 3572 quaeretur
795 3489 962 3558 heredites.
1013 3490 1052 3550 4..
1087 3487 1217 3552 Possum
1239 3492 1272 3551 et
1290 3505 1323 3557 to
