3078 4882
617 417 850 482 -163-

166 607 226 672 hoc
249 605 447 687 quibusdam,
470 609 507 670 ut
527 605 723 671 uoluntatem
739 623 828 670 suem
848 623 953 672 coram
969 605 1105 672 testibus
1119 605 1297 672 manifesto·

167 730 227 804 ret,
250 723 425 790 declaranit
446 741 538 807 quem
561 723 623 790 sibi
644 723 742 790 uellet
764 741 833 790 esse
854 725 1003 791 heredem
1018 729 1050 791 et
1065 726 1187 791 cuinam
1203 743 1296 792 seruo

166 844 346 909 libertatem
369 844 518 924 tribuere,
541 850 644 909 ratum
668 844 823 910 eiusmodi
845 849 1067 910 testamentum
1091 845 1232 911 dicimus.
1268 844 1297 910 si

167 981 255 1039 nero,
278 970 315 1028 ιιι
335 961 519 1045 plerumque
541 961 577 1028 fit
591 963 624 1029 in
641 962 845 1045 sermonibus,
866 961 1056 1046 quibusdam
1078 963 1297 1045 praesentibus

167 1081 248 1147 dixit
269 1082 361 1148 alicui
377 1083 409 1148 in
425 1101 496 1147 eum
512 1100 699 1148 conuersus:
726 1101 815 1164 »ego
837 1081 1073 1148 teberedem
1096 1082 1220 1148 focio·
1245 1083 1296 1148 uel
1331 1084 1348 1136 ὗ

171 1198 292 1268 »bona
307 1219 388 1267 mea
403 1200 481 1267 tibi
496 1200 707 1281 relinquo«,
731 1219 792 1266 non
808 1206 934 1281 oportet
955 1202 1014 1268 boc
1035 1217 1092 1282 pro
1108 1205 1296 1268 testamento

168 1320 341 1386 obseruari.
369 1319 403 1385 in
426 1320 549 1385 nemine
571 1325 676 1385 cutem
700 1319 732 1385 id
753 1320 857 1401 potius
880 1319 1100 1400 inquirendum
1122 1324 1181 1398 est,
1203 1337 1296 1402 quam

167 1442 199 1504 in
237 1438 412 1517 militibus,
450 1440 564 1520 quibus
597 1438 630 1503 id
664 1436 826 1520 priuilegii
863 1437 972 1503 datum
1005 1443 1055 1502 eet
1087 1443 1123 1504 ut
1157 1436 1298 1521 quolibet

167 1560 262 1624 modo
284 1559 406 1641 possint
428 1557 551 1634 testari,
576 1576 615 1622 ne
637 1573 719 1637 quae
741 1557 893 1622 sermonis
916 1555 1017 1637 gratia
1046 1556 1131 1622 dicta
1160 1562 1233 1621 sunt
1256 1554 1297 1621 ad

168 1677 352 1744 testamenti
372 1675 505 1742 formam
527 1675 714 1742 referentur.
764 1674 901 1757 alloquin
932 1694 993 1741 non
1027 1673 1196 1740 difficulter
1225 1679 1296 1758 post
1318 1687 1349 1739 10

168 1796 301 1863 alicuius
325 1796 432 1861 militis
457 1803 590 1861 mortem
616 1800 715 1861 testes
741 1795 913 1861 existerent
939 1795 994 1878 qui
1022 1801 1200 1861 assererent
1227 1811 1297 1862 sese

168 1914 299 1981 audisse
325 1915 412 1981 illum
442 1918 626 1982 morientem
659 1916 790 1982 dixisse:
826 1915 1012 1998 relinquo
1044 1923 1081 1981 te
1115 1914 1297 1982 heredem

170 2035 222 2100 uel
252 2036 356 2101 bona
384 2053 466 2101 mea
499 2036 575 2101 tibi
607 2036 793 2116 relinquo
821 2039 853 2100 et
880 2053 936 2117 per
969 2036 1028 2101 hoc
1056 2053 1134 2101 uera
1163 2035 1297 2100 militum

123 2166 149 2216 a.
169 2153 287 2220 iudicia
309 2155 579 2221 subuerterentur.
624 2155 655 2216 2.
688 2152 781 2219 Miles
803 2154 872 2219 siue
893 2160 1000 2220 mutus
1023 2153 1066 2219 sit
1087 2155 1158 2220 siue
1181 2153 1297 2218 surdus

169 2274 275 2340 ualido
297 2279 445 2354 testatum
472 2272 555 2356 finge
578 2291 653 2339 uero
676 2291 746 2338 eum
766 2274 910 2338 causaris
932 2275 1080 2339 missione
1094 2273 1207 2338 militia
1222 2290 1297 2338 non·
1318 2287 1349 2339 lo

170 2394 245 2458 dum
268 2394 440 2473 dimissum,
463 2395 634 2460 absurdum
658 2399 706 2460 eet
729 2394 810 2459 enim
833 2393 983 2460 eiusmodi
1006 2393 1161 2459 hominem
1184 2393 1298 2473 stipen-

170 2515 224 2580 dia
246 2531 376 2579 merere.
420 2515 531 2596 nequit
553 2514 635 2578 enim
657 2514 857 2595 imperatoris
886 2513 1006 2578 iussum
1036 2512 1213 2594 percipere,
1241 2529 1298 2576 neo

169 2632 199 2697 si
221 2631 328 2714 atique
349 2651 385 2700 re
406 2634 584 2700 necessaria
606 2633 705 2700 ueluti
732 2635 794 2700 telo
817 2633 966 2716 indigeat,
989 2632 1023 2697 id
1044 2629 1223 2714 significare
1245 2647 1298 2710 po·

127 2779 152 2830 3,
171 2757 245 2817 test.
290 2751 320 2816 3.
354 2751 516 2818 Hactenus
539 2769 615 2818 uero
638 2771 657 2818 a
678 2751 904 2834 principalibus
930 2751 1204 2818 constitutionibus
1226 2768 1299 2815 con·

171 2871 296 2937 ceditur
323 2870 475 2938 militibus
504 2872 584 2938 citro
611 2872 851 2938 sollemnitatem
880 2870 1007 2950 testari,
1038 2876 1194 2951 quatenus
1221 2869 1298 2934 mili·
1316 2873 1350 2924 2⁰

171 2997 243 3053 tant
265 2991 350 3055 etin
374 2992 486 3056 cestris
508 2992 637 3073 degunt.
681 2996 754 3072 post
775 2990 955 3057 missionem
978 2998 1101 3069 eutem,
1124 2991 1206 3054 idest
1228 3007 1298 3055 cum

171 3109 315 3174 ueterani
337 3108 412 3175 laeti
434 3109 507 3188 sint,
531 3109 584 3175 uel
607 3116 696 3176 extra
717 3115 831 3190 castre,
853 3109 927 3175 licet
949 3111 1051 3176 adbuc
1078 3107 1222 3185 militant,
1246 3125 1300 3188 pa-

171 3246 324 3308 ganorum
346 3227 587 3295 sollemnitatem
611 3246 740 3296 seruare
762 3229 886 3295 debent.
936 3247 1007 3295 cnm
1036 3230 1097 3292 iam
1128 3225 1299 3292 dixerimus

171 3345 288 3412 milites
309 3349 341 3412 in
364 3348 476 3420 cestris
503 3354 656 3414 testantes
685 3347 754 3414 sine
783 3347 921 3430 periculo
951 3347 1030 3413 iuris
1058 3346 1297 3412 sollemnitatem

171 3468 435 3549 praetermittere,
458 3467 618 3534 ueteranis
641 3480 746 3535 autern
769 3469 899 3534 eandem
922 3485 991 3532 esse
1014 3466 1218 3542 seruandam,
1244 3466 1299 3532 ad·
1317 3479 1351 3530 ao
