3022 4884
568 427 800 492 -149-

127 613 366 696 adquisitionem
389 615 571 696 effugerent,
594 619 630 679 ut
651 632 723 679 ecce
745 614 827 680 bona
849 617 993 678 materna
1015 616 1047 677 et
1068 610 1158 678 lucra
1172 629 1249 694 nup·

126 731 231 812 tialia,
259 733 325 799 lata
354 741 405 800 est
426 735 609 800 constitutio
643 753 680 799 ex
713 750 775 813 qna
796 732 911 799 licebat
943 733 1035 812 patri,
1065 732 1119 814 qui
1151 730 1248 796 filium

126 853 364 934 emancipasset,
387 854 513 918 tertiam
535 859 655 935 partem
679 853 830 918 bonorum
858 871 919 918 non
943 851 1157 934 quaesitorum
1180 868 1249 932 pro-

126 971 270 1051 prietatis
303 973 426 1037 nomine
453 971 605 1050 retinere,
638 971 728 1052 quasi
762 989 820 1052 pro
854 969 1110 1052 emancipationis
1138 968 1248 1049 pretio.

125 1094 158 1154 et
178 1090 382 1155 inhumanum
404 1089 480 1172 quid
501 1089 663 1182 accidebat
682 1065 721 1153 ¹ut
743 1087 949 1169 emancipatio
972 1067 1058 1168 quac·
1074 1085 1138 1151 filio
1154 1085 1249 1153 bono·
1283 1083 1299 1135 ⁶

125 1208 170 1272 ris
192 1226 290 1272 causa
313 1209 520 1286 tribuebatur,
544 1215 653 1288 utpote
676 1225 756 1286 quac
785 1226 855 1271 curn
884 1207 933 1272 sni
955 1205 1032 1272 iuris
1054 1205 1188 1282 iaceret,
1217 1206 1248 1272 in

125 1325 157 1390 in
181 1327 249 1392 eius
275 1325 445 1408 perniciem
472 1331 723 1406 conuerteretur;
753 1327 849 1391 rebus
878 1326 958 1390 enim
989 1324 1054 1389 suis
1083 1323 1248 1389 defrauda-

125 1446 231 1522 batur,
253 1465 324 1510 cum
346 1447 414 1510 eius
436 1447 655 1527 patrimonium
678 1445 881 1511 minueretur.
927 1443 1026 1525 igitur
1048 1445 1152 1507 sanxit
1177 1443 1247 1524 piis·

126 1563 226 1629 simus
253 1566 398 1645 princeps
425 1570 532 1628 noster
561 1563 706 1644 deinceps
728 1582 789 1627 non
814 1564 925 1628 tertiae
948 1563 1047 1644 partis
1077 1559 1247 1627 dominium

124 1702 232 1750 rerum
252 1681 310 1747 filii
324 1683 385 1748 sibi
405 1702 466 1748 non
481 1685 696 1763 quaesitarum
719 1688 840 1764 patrem
863 1681 1007 1761 retinere,
1030 1688 1080 1746 sat
1102 1677 1248 1746 dimidiae
1270 1683 1301 1734 10

125 1805 227 1888 partis
249 1803 486 1868 usumfructum.
525 1803 570 1866 ita
592 1802 674 1868 enim
699 1807 731 1868 et
752 1802 917 1866 imminuta
938 1799 994 1865 filii
1016 1801 1099 1866 bona
1122 1779 1250 1866 manent·

126 1921 212 2004 apud
233 1920 331 1986 filium
354 1928 386 1987 et
408 1921 554 1988 dimidiae
577 1923 676 2004 partis
700 1919 928 1987 usumfructum
951 1925 1042 2001 patet
1064 1926 1250 1987 consecutus

124 2040 357 2121 parte‘maiore
379 2041 552 2107 honoratus
574 2040 740 2121 gaudebit3
769 2058 826 2122 pro
855 2038 949 2104 tertia
977 2039 1057 2104 enim
1088 2037 1247 2102 dimidiam

86 2181 108 2231 3,
126 2158 259 2239 accipiet
288 2164 419 2240 partem.
477 2158 505 2221 3.
547 2159 612 2224 Nec
643 2165 765 2224 tantum
795 2158 886 2223 liberi
914 2159 944 2220 in
974 2160 1130 2237 potestate
1160 2155 1250 2221 nobis

126 2277 298 2360 adquirunt
313 2283 362 2342 set
384 2277 479 2341 etiam
502 2277 586 2341 serui
610 2277 718 2355 nostri,
742 2277 811 2342 siue
834 2296 872 2342 ex
886 2275 1055 2340 traditione
1078 2276 1153 2354 qnid
1175 2291 1250 2339 nan·
1271 2288 1301 2337 15

126 2398 294 2472 ciscantur,
318 2397 385 2460 siue
407 2394 596 2477 stipulentur
618 2395 686 2460 siue
712 2415 750 2461 ex
773 2396 836 2460 alia
862 2393 1004 2476 qualibet
1027 2410 1122 2459 causa
1144 2393 1251 2474 adqui·

126 2521 208 2579 rant.
253 2515 284 2578 id
307 2515 388 2578 enim
412 2521 444 2578 et
465 2515 698 2595 ignorantibus,
729 2517 822 2579 immo
852 2520 884 2580 et
912 2512 1019 2578 inuitis
1043 2512 1175 2577 dominis
1199 2512 1251 2576 ob·

126 2637 228 2700 uenit:
251 2652 363 2700 seruus
386 2636 467 2700 enim
491 2644 600 2717 utpote
621 2637 675 2715 qni
697 2635 790 2700 alieni
814 2635 891 2700 iuris
913 2636 954 2700 sit
982 2630 1059 2696 nihil
1084 2619 1246 2712 proprium

125 2754 243 2820 babere
266 2760 379 2836 potest.
398 2791 400 2794 -
417 2755 523 2836 excipe
546 2753 768 2820 hereditatem:
792 2753 819 2818 si
843 2755 925 2820 enim
949 2771 1061 2818 seruus
1085 2770 1172 2817 meus
1194 2751 1246 2817 ha-

126 2891 177 2937 res
200 2873 241 2937 ab
264 2873 369 2953 aliquo
398 2874 563 2938 institutus
585 2875 635 2949 sit,
666 2893 727 2938 non
757 2872 849 2938 aliter
880 2872 914 2938 id
941 2871 1108 2954 adquirere
1133 2877 1248 2954 potest,
1267 2888 1302 2940 20

125 3007 221 3070 quam
243 2993 270 3056 si
292 2993 381 3056 iussu
402 3011 470 3058 meo
493 2992 602 3071 adeat;
624 2991 692 3057 fieri
715 2992 798 3056 enim
821 2998 924 3074 potest
946 3000 982 3057 ut
1003 2992 1133 3057 latentia
1156 3009 1250 3056 onera

125 3109 352 3194 apparentibus
385 3111 481 3178 lucris
514 3113 578 3177 sint
608 3113 765 3194 grauiora.
823 3113 994 3178 absurdum
1028 3118 1131 3177 autern
1156 3113 1251 3176 esset

126 3249 182 3296 nos
206 3231 388 3311 ignorantes
410 3250 467 3297 seu
490 3231 584 3296 etiam
611 3231 730 3296 inuitos
760 3231 942 3297 damnosam
969 3231 1137 3314 adquirere
1163 3230 1251 3296 here·

127 3348 268 3428 ditatem.
323 3350 456 3431 ideoque
491 3353 521 3417 in
558 3353 711 3418 eiusmodi
744 3351 956 3434 adquisitione
986 3351 1104 3415 iussum
1134 3349 1251 3416 domini
