3022 4884
524 426 755 490 -126-

95 610 186 676 offena
208 609 358 676 consistit
402 617 452 678 set
472 627 543 677 cum
569 611 639 677 iure
667 609 865 679 ususfructus
891 612 923 678 in
953 611 993 679 fis
1020 613 1114 680 rebus
1143 631 1203 682 non

95 727 251 806 consistat,
273 727 386 794 merito
416 735 448 794 et
476 729 604 810 regulae
629 731 662 794 in
690 729 789 794 isdem
819 728 1017 798 ususfructus
1047 735 1204 816 umsgre-

94 845 228 912 diuntur:
252 843 463 924 [ususfructus
485 847 578 926 enim,
602 852 639 913 ut
660 846 779 913 dictum
802 849 912 923 estin
939 868 974 915 re
1001 849 1103 916 aliena
1132 854 1203 928 estl.

93 964 257 1047 praestabis
286 970 392 1030 autem
419 964 496 1030 mihi
524 963 762 1032 satisdationem
790 970 913 1031 tantum
946 971 979 1034 te
1008 967 1203 1045 restiturum,

92 1089 233 1165 quantum
259 1084 435 1166 acceperis,
463 1083 491 1148 si
518 1081 680 1164 mndngat
706 1088 739 1150 te
766 1083 845 1151 mori
872 1088 930 1150 aut
956 1085 1059 1166 capite
1095 1085 1202 1152 minui.
1237 1087 1254 1137 ὅ

93 1217 141 1268 nec
160 1201 260 1269 solum
282 1201 375 1268 iniis
397 1202 492 1268 rebus
513 1201 592 1268 haec
613 1200 838 1281 obseruantnn,
861 1205 911 1267 sot
938 1201 971 1265 in
994 1202 1106 1268 ceteris
1128 1219 1204 1282 quo

92 1336 152 1400 que,
173 1320 275 1388 ueluti
298 1319 440 1386 uestibus
467 1319 519 1386 uel
548 1317 716 1397 fructibus,
747 1325 779 1386 et
804 1321 837 1386 in
866 1335 988 1386 summa
1014 1319 1203 1401 ubicumque

91 1453 143 1501 usn
173 1437 352 1503 substantia
384 1437 587 1505 consumitur.
639 1435 722 1504 finnt
755 1437 836 1504 enim
867 1437 945 1504 haec
976 1436 1136 1519 legatarii,
1170 1445 1203 1504 et

91 1571 188 1620 eorum
215 1555 392 1623 aestimatio
413 1554 591 1622 restituitur
606 1555 683 1639 (non
697 1573 772 1622 uero
786 1555 952 1639 pecuniam
974 1555 1106 1638 pecunia
1121 1555 1201 1622 enim

92 1689 145 1738 non
165 1675 360 1747 aestimatur,
382 1691 453 1740 cum
474 1676 544 1756 ipsa
557 1679 733 1740 ceterorum
748 1673 926 1740 aestimatio
941 1672 1006 1755 sit),
1028 1672 1201 1741 satisdante
1221 1683 1253 1734 no

90 1789 234 1871 legatario
248 1808 327 1868 sese,
341 1792 368 1856 si
383 1791 461 1857 mori
477 1790 528 1857 uel
543 1791 645 1873 capite
660 1791 757 1858 minui
771 1789 1073 1872 contigerit-herum
1096 1809 1200 1858 rerum

89 1909 329 1976 aestimationem
351 1911 580 1976 restituturum.
624 1910 730 1990 itaque
752 1908 902 1988 Senatus,
932 1928 1002 1976 cum
1030 1910 1108 1978 haec
1130 1929 1201 1977 con·

89 2028 239 2109 stitueret,
261 2027 489 2095 usumfructum
511 2046 620 2096 earum
642 2047 748 2096 rerum
769 2046 832 2094 non
852 2027 942 2106 fecit,
965 2046 1022 2097 nee
1043 2029 1125 2094 enim
1147 2045 1200 2112 po

89 2151 181 2225 terat,
214 2164 274 2229 per
305 2147 479 2213 motionem
512 2163 588 2211 uero
626 2147 717 2227 quasi
753 2145 982 2213 usumfructum
1015 2145 1199 2212 introduxit.

56 2266 75 2320 t.
89 2261 114 2325 3.
134 2260 337 2346 Erdngnutur
357 2269 464 2329 autum
485 2262 683 2331 ususfructus
705 2267 806 2328 morte
822 2261 1047 2330 usufructuarii
1068 2266 1101 2328 et
1122 2261 1198 2328 dua·
1218 2268 1250 2320 15

89 2381 140 2446 bus
160 2382 274 2468 capitis
295 2380 570 2458 deminutionibus,
593 2381 729 2446 maxima
751 2387 783 2445 et
804 2380 921 2460 media,
944 2384 977 2446 et
998 2396 1060 2446 non
1082 2378 1199 2446 utendo

88 2516 137 2579 per
156 2500 284 2568 modum
306 2505 339 2566 et
359 2500 565 2566 constitutum
587 2504 722 2583 tempus,
744 2515 826 2580 quae
854 2499 957 2566 omnia
977 2497 1200 2566 constitutione

87 2615 227 2703 principis
249 2619 350 2685 nostri
371 2618 580 2686 metirentur.
623 2618 699 2684 item
726 2618 919 2700 extinguitur
947 2616 1145 2684 ususfructus
1173 2616 1200 2680 si

87 2735 333 2804 muirnctuarius
347 2736 471 2803 domino
485 2735 687 2819 proprietatis
705 2735 932 2802 usumfructum
947 2733 1047 2817 cedat,
1062 2751 1135 2801 nam
1150 2749 1201 2802 er·

87 2859 187 2921 manao
209 2854 325 2921 cedens
346 2852 427 2919 nihil
445 2852 521 2935 agit
544 2857 593 2918 set
615 2851 878 2920 inefficaxcessio
905 2857 962 2919 est.
1014 2853 1041 2918 si
1063 2871 1139 2920 uero
1162 2869 1200 2921 ex
1216 2863 1253 2916 ao

87 2969 205 3038 diuerso
228 2971 480 3039 usuructunrius
503 2971 727 3053 proprietatem
749 2969 944 3054 adquisierit,
967 2967 1113 3037 similiter
1134 2988 1201 3038 ces·

86 3094 146 3155 sat:
166 3109 250 3174 quae
272 3107 323 3157 res
345 3089 550 3158 consolidatio
573 3088 704 3168 dicitur,
730 3089 806 3170 quia
832 3105 891 3170 per
919 3105 988 3156 eam
1017 3086 1199 3156 contuens

86 3208 266 3290 proprietati
287 3207 443 3278 cohaeret.
466 3207 635 3272 sinautem
657 3205 781 3273 aedium
803 3206 873 3289 quis
895 3205 1123 3272 usumfructum
1146 3203 1200 3270 ha·

87 3323 162 3406 beat,
184 3325 328 3394 inccndio
349 3330 455 3393 autem
477 3325 571 3393 aedes
594 3329 816 3392 consumantur
836 3327 893 3390 aut
914 3329 1017 3391 terrae
1039 3327 1126 3388 motu
1141 3321 1201 3387 din
