3058 4890
612 413 843 478 „242-

169 599 370 678 dimidia·
417 606 564 696 ceterum¹
582 607 687 680 autem
716 603 934 686 stipulationes
957 601 1108 693 eiusmodi
1130 603 1288 694 intereos

168 719 293 792 fiebant.
348 721 440 788 hores
472 739 493 787 a
524 723 675 806 legatario
709 723 756 789 sio
787 721 1015 806 stipulabatur:
1047 720 1289 804 »apondesne

167 840 373 923 legatarie,
397 843 428 908 si
451 849 672 908 conuentus
694 843 753 908 XX
775 859 922 909 aureos
945 841 1120 921 soluero,
1143 839 1173 906 X
1195 829 1287 907 mibi
1416 879 1417 882 =

167 960 310 1028 darec?
337 967 370 1027 et
392 957 614 1046 respondebat:
641 963 828 1046 spondeo.
877 979 959 1043 quae
988 961 1148 1045 stipulatio
1174 978 1288 1044 »par-

119 1111 122 1118 v
167 1081 221 1146 tis
243 1087 280 1147 et
301 1100 369 1166 pro
392 1089 532 1165 parte«
559 1085 740 1149 uocabatur.
777 1083 816 1148 ad
839 1081 1075 1149 similitudinem
1097 1081 1194 1164 igitur
1215 1100 1287 1164 par·
1320 1089 1338 1142 o

166 1201 251 1267 tiarii
264 1201 409 1284 legatarii
425 1202 626 1283 stipulatione
641 1204 722 1268 inter
741 1202 888 1268 heredem
911 1209 1006 1285 atque
1025 1221 1107 1284 eum,
1130 1199 1179 1268 cui
1202 1200 1288 1268 fidei-

165 1320 363 1388 commissum
386 1323 621 1402 restituebatur,
644 1321 869 1390 intercedebat.
908 1329 940 1388 et
962 1322 1174 1404 stipulabatur
1195 1322 1286 1387 heres

164 1442 223 1508 hoo
257 1442 365 1508 modo:
399 1442 639 1522 spondesne,
673 1441 1070 1516 fideicommissarie,
1104 1440 1136 1506 si
1169 1441 1286 1506 XXXX

164 1577 307 1628 aureos
333 1580 353 1627 a
381 1579 435 1628 me
462 1562 645 1629 creditor
672 1563 947 1630 hereditarius
975 1563 1170 1646 exegerit,
1197 1561 1286 1628 XXX

164 1680 260 1747 milri
282 1680 424 1747 darm?
447 1686 480 1747 et
501 1683 528 1747 is
551 1681 605 1765 qui
628 1679 898 1749 fideicommissum
926 1689 1090 1765 acceperat
1112 1699 1221 1747 rursus
1244 1682 1284 1747 ab
1304 1683 1337 1736 1⁰
1374 1666 1378 1674 ’

162 1800 278 1868 herede
305 1802 349 1866 ita
375 1801 602 1882 stipulabatur:
635 1803 897 1885 »spondesne,
924 1802 1055 1880 heres,
1077 1804 1109 1867 si
1132 1821 1152 1867 a
1174 1802 1285 1868 debis

163 1927 245 1988 tore
277 1920 530 1988 hereditario
563 1922 681 1988 XXXX
711 1939 855 1989 aureos
885 1922 1011 1990 lueris
1043 1930 1283 1990 consecutus

121 2059 128 2074 ·
162 2017 252 2108 XXX
272 2040 368 2106 mibi
391 2041 522 2108 darei«
554 2049 586 2108 et
611 2043 716 2109 aiebat
744 2043 850 2110 heres:
887 2043 1122 2126 »spondeo«.
1178 2049 1211 2109 et
1238 2045 1283 2112 ita
1324 2108 1325 2116 ,

161 2161 303 2245 legatarii
325 2161 392 2229 loco
415 2161 589 2228 habebatur
615 2162 669 2246 qui
700 2181 755 2244 per
783 2162 1055 2231 fideicommissum
1076 2163 1281 2230 hereditatem

161 2288 334 2364 acceperat,
357 2288 451 2365 atque
472 2282 594 2349 lucrum
617 2289 649 2350 et
671 2284 817 2349 damnum
840 2283 922 2349 inter
938 2301 1008 2349 eum
1024 2289 1119 2363 atque
1135 2283 1280 2349 heredem
1301 2288 1332 2340 15

160 2419 217 2485 pro
240 2407 310 2467 rata
332 2419 493 2468 commune
515 2420 584 2468 esse
607 2404 780 2485 oportebat
832 2409 865 2468 et
894 2403 1078 2469 dicebantur
1104 2403 1281 2470 huiusmodi

117 2536 143 2588 o.
161 2523 377 2604 stipulationes
403 2514 556 2606 »partis
579 2529 616 2588 et
638 2541 706 2606 pro
734 2528 879 2606 parta«
931 2524 959 2587 6.
993 2523 1123 2606 Itaque,
1151 2530 1186 2589 ut
1212 2524 1280 2589 bre·

161 2643 231 2710 nius
255 2644 365 2723 dicam,
389 2643 563 2728 siquidem
587 2645 770 2711 dodrantem
793 2646 963 2711 autetiam
993 2645 1096 2710 minus
1119 2644 1209 2710 heres
1231 2663 1281 2710 ro-

160 2769 252 2846 gatus
282 2765 324 2829 sit
353 2765 536 2844 restituere,
564 2770 596 2829 et
623 2765 829 2847 quadrantem
858 2784 896 2831 ex
925 2765 1088 2835 uoluntate
1118 2765 1279 2832 testatoris

159 2885 302 2963 retineat,
321 2891 377 2951 aut
398 2884 496 2966 magis
519 2901 613 2966 quarn
635 2885 850 2965 quadrantem,
874 2891 940 2950 tum
956 2903 994 2950 ex
1009 2885 1278 2953 senatusoonsulto
1295 2873 1330 2926 2⁰

161 3002 344 3071 trebelliano
366 3004 524 3070 restitutio
545 3002 589 3068 fit.
635 3010 667 3070 et
693 3003 726 3068 in
754 3005 937 3071 dodrantem
963 3005 1089 3089 quidem
1118 3005 1146 3070 ls
1168 3006 1222 3087 qui
1244 3004 1278 3070 fi-
