<?xml version="1.0" encoding="UTF-8"?>
<!DOCTYPE html PUBLIC "-//W3C//DTD XHTML 1.0 Transitional//EN"
    "http://www.w3.org/TR/xhtml1/DTD/xhtml1-transitional.dtd">
<html xmlns="http://www.w3.org/1999/xhtml" xml:lang="en" lang="en">
 <head>
  <title>
</title>
<meta http-equiv="Content-Type" content="text/html;charset=utf-8" />
  <meta name='ocr-system' content='tesseract 3.04.00' />
  <meta name='ocr-capabilities' content='ocr_page ocr_carea ocr_par ocr_line ocrx_word'/>
</head>
<body>
  <div class='ocr_page' id='page_1' title='image "./institutionumgr00linggoog_0219.png"; bbox 0 0 2990 4884; ppageno 0'>
   <div class='ocr_carea' id='block_1_1' title="bbox 593 445 805 509">
    <p class='ocr_par' dir='ltr' id='par_1_1' title="bbox 593 445 805 509">
     <span class='ocr_line' id='line_1_1' title="bbox 593 445 805 509; baseline 0 -17"><span class='ocrx_word' id='word_1_1' title='bbox 593 445 805 509; x_wconf 82' lang='lat'><strong>-93-</strong></span> 
     </span>
    </p>
   </div>
   <div class='ocr_carea' id='block_1_2' title="bbox 230 731 1160 816">
    <p class='ocr_par' dir='ltr' id='par_1_2' title="bbox 230 731 1160 816">
     <span class='ocr_line' id='line_1_2' title="bbox 230 731 1160 816; baseline -0.001 -20"><span class='ocrx_word' id='word_1_2' title='bbox 230 731 281 798; x_wconf 87' lang='lat' dir='ltr'><strong>Dc</strong></span> <span class='ocrx_word' id='word_1_3' title='bbox 302 734 454 816; x_wconf 74' lang='lat' dir='ltr'><strong>suspectis</strong></span> <span class='ocrx_word' id='word_1_4' title='bbox 476 735 633 801; x_wconf 89' lang='lat' dir='ltr'><strong>tutoribus</strong></span> <span class='ocrx_word' id='word_1_5' title='bbox 656 741 688 800; x_wconf 92' lang='lat' dir='ltr'><strong>et</strong></span> <span class='ocrx_word' id='word_1_6' title='bbox 711 735 917 801; x_wconf 79' lang='lat' dir='ltr'><strong>curatoribus.</strong></span> <span class='ocrx_word' id='word_1_7' title='bbox 963 734 1087 800; x_wconf 85' lang='lat' dir='ltr'><strong>Titulus</strong></span> <span class='ocrx_word' id='word_1_8' title='bbox 1109 734 1160 796; x_wconf 81' lang='lat'><strong>26.</strong></span> 
     </span>
    </p>
   </div>
   <div class='ocr_carea' id='block_1_3' title="bbox 87 905 1310 3014">
    <p class='ocr_par' dir='ltr' id='par_1_3' title="bbox 87 905 1310 3014">
     <span class='ocr_line' id='line_1_3' title="bbox 220 905 1258 1000; baseline -0.002 -14"><span class='ocrx_word' id='word_1_9' title='bbox 220 920 298 986; x_wconf 84' lang='lat' dir='ltr'><strong>Cum</strong></span> <span class='ocrx_word' id='word_1_10' title='bbox 322 920 361 986; x_wconf 88' lang='lat' dir='ltr'><strong>dc</strong></span> <span class='ocrx_word' id='word_1_11' title='bbox 384 921 637 988; x_wconf 76' lang='lat' dir='ltr'><strong>excusationibus</strong></span> <span class='ocrx_word' id='word_1_12' title='bbox 650 905 755 988; x_wconf 56' lang='lat' dir='ltr'><strong>&#39;locuti</strong></span> <span class='ocrx_word' id='word_1_13' title='bbox 778 923 884 1000; x_wconf 89' lang='lat' dir='ltr'><strong>simus,</strong></span> <span class='ocrx_word' id='word_1_14' title='bbox 908 921 1051 988; x_wconf 88' lang='lat' dir='ltr'><strong>dicamus</strong></span> <span class='ocrx_word' id='word_1_15' title='bbox 1074 922 1113 987; x_wconf 91' lang='lat' dir='ltr'><strong>de</strong></span> <span class='ocrx_word' id='word_1_16' title='bbox 1128 919 1258 987; x_wconf 88' lang='lat' dir='ltr'><strong>crimina</strong></span> 
     </span>
     <span class='ocr_line' id='line_1_4' title="bbox 131 1024 1257 1130; baseline -0.001 -27"><span class='ocrx_word' id='word_1_17' title='bbox 131 1024 289 1120; x_wconf 83' lang='lat' dir='ltr'><strong>suspecti,</strong></span> <span class='ocrx_word' id='word_1_18' title='bbox 325 1058 386 1122; x_wconf 91' lang='lat' dir='ltr'><strong>quo</strong></span> <span class='ocrx_word' id='word_1_19' title='bbox 417 1047 538 1107; x_wconf 85' lang='lat' dir='ltr'><strong>tutores</strong></span> <span class='ocrx_word' id='word_1_20' title='bbox 568 1048 601 1105; x_wconf 91' lang='lat' dir='ltr'><strong>et</strong></span> <span class='ocrx_word' id='word_1_21' title='bbox 636 1049 797 1106; x_wconf 79' lang='lat' dir='ltr'><strong>curatores</strong></span> <span class='ocrx_word' id='word_1_22' title='bbox 830 1041 1038 1130; x_wconf 87' lang='lat' dir='ltr'><strong>postulantur.</strong></span> <span class='ocrx_word' id='word_1_23' title='bbox 1090 1039 1122 1103; x_wconf 93' lang='lat' dir='ltr'><strong>id</strong></span> <span class='ocrx_word' id='word_1_24' title='bbox 1151 1043 1257 1104; x_wconf 86' lang='lat' dir='ltr'><strong>autem</strong></span> 
     </span>
     <span class='ocr_line' id='line_1_5' title="bbox 91 1155 1259 1239; baseline 0.003 -22"><span class='ocrx_word' id='word_1_25' title='bbox 91 1168 112 1217; x_wconf 83' lang='grc' dir='ltr'><strong>ι.</strong></span> <span class='ocrx_word' id='word_1_26' title='bbox 131 1157 250 1222; x_wconf 86' lang='lat' dir='ltr'><strong>crimen</strong></span> <span class='ocrx_word' id='word_1_27' title='bbox 273 1158 381 1239; x_wconf 85' lang='lat' dir='ltr'><strong>alege</strong></span> <span class='ocrx_word' id='word_1_28' title='bbox 403 1155 466 1222; x_wconf 86' lang='lat' dir='ltr'><strong>XII</strong></span> <span class='ocrx_word' id='word_1_29' title='bbox 493 1156 671 1227; x_wconf 87' lang='lat' dir='ltr'><strong>tabularum</strong></span> <span class='ocrx_word' id='word_1_30' title='bbox 695 1158 865 1224; x_wconf 88' lang='lat' dir='ltr'><strong>descendit.</strong></span> <span class='ocrx_word' id='word_1_31' title='bbox 905 1161 933 1220; x_wconf 92' lang='lat' dir='ltr'><strong>l.</strong></span> <span class='ocrx_word' id='word_1_32' title='bbox 968 1155 1140 1223; x_wconf 88' lang='lat' dir='ltr'><strong>Videamus</strong></span> <span class='ocrx_word' id='word_1_33' title='bbox 1162 1158 1259 1238; x_wconf 79' lang='lat' dir='ltr'><strong>igitur</strong></span> 
     </span>
     <span class='ocr_line' id='line_1_6' title="bbox 100 1276 1258 1362; baseline -0.001 -22"><span class='ocrx_word' id='word_1_34' title='bbox 100 1355 103 1362; x_wconf 92' lang='lat'>.</span> <span class='ocrx_word' id='word_1_35' title='bbox 132 1276 260 1357; x_wconf 90' lang='lat' dir='ltr'><strong>quinam</strong></span> <span class='ocrx_word' id='word_1_36' title='bbox 293 1276 333 1340; x_wconf 88' lang='lat' dir='ltr'><strong>de</strong></span> <span class='ocrx_word' id='word_1_37' title='bbox 359 1277 512 1343; x_wconf 84' lang='lat' dir='ltr'><strong>eiusmodi</strong></span> <span class='ocrx_word' id='word_1_38' title='bbox 542 1276 670 1343; x_wconf 90' lang='lat' dir='ltr'><strong>crimine</strong></span> <span class='ocrx_word' id='word_1_39' title='bbox 699 1287 903 1357; x_wconf 86' lang='lat' dir='ltr'><strong>cognoscant,</strong></span> <span class='ocrx_word' id='word_1_40' title='bbox 933 1284 965 1341; x_wconf 94' lang='lat' dir='ltr'><strong>et</strong></span> <span class='ocrx_word' id='word_1_41' title='bbox 991 1276 1121 1359; x_wconf 90' lang='lat' dir='ltr'><strong>quinam</strong></span> <span class='ocrx_word' id='word_1_42' title='bbox 1149 1280 1258 1355; x_wconf 87' lang='lat' dir='ltr'><strong>utpote</strong></span> 
     </span>
     <span class='ocr_line' id='line_1_7' title="bbox 131 1394 1305 1478; baseline -0.001 -15"><span class='ocrx_word' id='word_1_43' title='bbox 131 1396 271 1478; x_wconf 89' lang='lat' dir='ltr'><strong>suspecti</strong></span> <span class='ocrx_word' id='word_1_44' title='bbox 305 1403 542 1472; x_wconf 87' lang='lat' dir='ltr'><strong>remoneantur,</strong></span> <span class='ocrx_word' id='word_1_45' title='bbox 577 1403 609 1462; x_wconf 90' lang='lat' dir='ltr'><strong>et</strong></span> <span class='ocrx_word' id='word_1_46' title='bbox 641 1397 767 1478; x_wconf 90' lang='lat' dir='ltr'><strong>quinam</strong></span> <span class='ocrx_word' id='word_1_47' title='bbox 801 1396 926 1461; x_wconf 90' lang='lat' dir='ltr'><strong>demum</strong></span> <span class='ocrx_word' id='word_1_48' title='bbox 961 1402 1124 1478; x_wconf 88' lang='lat' dir='ltr'><strong>suspectos</strong></span> <span class='ocrx_word' id='word_1_49' title='bbox 1152 1394 1256 1460; x_wconf 88' lang='lat' dir='ltr'><strong>facere</strong></span> <span class='ocrx_word' id='word_1_50' title='bbox 1289 1413 1305 1462; x_wconf 78' lang='lat' dir='ltr'><strong>o</strong></span> 
     </span>
     <span class='ocr_line' id='line_1_8' title="bbox 130 1512 1257 1597; baseline -0.001 -18"><span class='ocrx_word' id='word_1_51' title='bbox 130 1515 263 1597; x_wconf 86' lang='lat' dir='ltr'><strong>possint.</strong></span> <span class='ocrx_word' id='word_1_52' title='bbox 321 1515 521 1594; x_wconf 85' lang='lat' dir='ltr'><strong>postulantur</strong></span> <span class='ocrx_word' id='word_1_53' title='bbox 554 1519 660 1580; x_wconf 73' lang='lat' dir='ltr'><strong>numm</strong></span> <span class='ocrx_word' id='word_1_54' title='bbox 695 1515 831 1596; x_wconf 89' lang='lat' dir='ltr'><strong>suspecti</strong></span> <span class='ocrx_word' id='word_1_55' title='bbox 866 1515 982 1580; x_wconf 86' lang='lat' dir='ltr'><strong>Romae</strong></span> <span class='ocrx_word' id='word_1_56' title='bbox 1014 1512 1141 1594; x_wconf 90' lang='lat' dir='ltr'><strong>quidem</strong></span> <span class='ocrx_word' id='word_1_57' title='bbox 1174 1515 1257 1597; x_wconf 89' lang='lat' dir='ltr'><strong>apud</strong></span> 
     </span>
     <span class='ocr_line' id='line_1_9' title="bbox 130 1633 1258 1717; baseline -0.001 -17"><span class='ocrx_word' id='word_1_58' title='bbox 130 1640 318 1714; x_wconf 75' lang='lat' dir='ltr'><strong>praetorem,</strong></span> <span class='ocrx_word' id='word_1_59' title='bbox 341 1635 373 1700; x_wconf 94' lang='lat' dir='ltr'><strong>in</strong></span> <span class='ocrx_word' id='word_1_60' title='bbox 388 1635 558 1717; x_wconf 88' lang='lat' dir='ltr'><strong>prouinciis</strong></span> <span class='ocrx_word' id='word_1_61' title='bbox 573 1653 650 1700; x_wconf 86' lang='lat' dir='ltr'><strong>uero</strong></span> <span class='ocrx_word' id='word_1_62' title='bbox 666 1633 749 1715; x_wconf 90' lang='lat' dir='ltr'><strong>apud</strong></span> <span class='ocrx_word' id='word_1_63' title='bbox 764 1635 934 1716; x_wconf 83' lang='lat' dir='ltr'><strong>praesides,</strong></span> <span class='ocrx_word' id='word_1_64' title='bbox 956 1635 1007 1700; x_wconf 92' lang='lat' dir='ltr'><strong>uel</strong></span> <span class='ocrx_word' id='word_1_65' title='bbox 1023 1636 1105 1715; x_wconf 91' lang='lat' dir='ltr'><strong>apud</strong></span> <span class='ocrx_word' id='word_1_66' title='bbox 1121 1634 1258 1716; x_wconf 80' lang='lat' dir='ltr'><strong>legatum</strong></span> 
     </span>
     <span class='ocr_line' id='line_1_10' title="bbox 87 1752 1258 1836; baseline 0.002 -20"><span class='ocrx_word' id='word_1_67' title='bbox 87 1768 110 1816; x_wconf 82' lang='lat' dir='ltr'><strong>a.</strong></span> <span class='ocrx_word' id='word_1_68' title='bbox 130 1752 336 1834; x_wconf 86' lang='lat' dir='ltr'><strong>proconsulis.</strong></span> <span class='ocrx_word' id='word_1_69' title='bbox 353 1755 382 1820; x_wconf 81' lang='lat'><strong>2.</strong></span> <span class='ocrx_word' id='word_1_70' title='bbox 396 1755 475 1820; x_wconf 83' lang='lat' dir='ltr'><strong>Cum</strong></span> <span class='ocrx_word' id='word_1_71' title='bbox 487 1754 526 1818; x_wconf 89' lang='lat' dir='ltr'><strong>de</strong></span> <span class='ocrx_word' id='word_1_72' title='bbox 538 1755 577 1820; x_wconf 91' lang='lat' dir='ltr'><strong>iis</strong></span> <span class='ocrx_word' id='word_1_73' title='bbox 589 1754 643 1835; x_wconf 91' lang='lat' dir='ltr'><strong>qui</strong></span> <span class='ocrx_word' id='word_1_74' title='bbox 654 1761 852 1836; x_wconf 86' lang='lat' dir='ltr'><strong>cognoscant,</strong></span> <span class='ocrx_word' id='word_1_75' title='bbox 864 1754 1045 1829; x_wconf 88' lang='lat' dir='ltr'><strong>uiderimus,</strong></span> <span class='ocrx_word' id='word_1_76' title='bbox 1057 1755 1258 1836; x_wconf 86' lang='lat' dir='ltr'><strong>dispiciamus</strong></span> 
     </span>
     <span class='ocr_line' id='line_1_11' title="bbox 132 1873 1259 1957; baseline 0 -19"><span class='ocrx_word' id='word_1_77' title='bbox 132 1876 172 1940; x_wconf 92' lang='lat' dir='ltr'><strong>de</strong></span> <span class='ocrx_word' id='word_1_78' title='bbox 184 1873 348 1957; x_wconf 89' lang='lat' dir='ltr'><strong>suspectis.</strong></span> <span class='ocrx_word' id='word_1_79' title='bbox 369 1874 529 1940; x_wconf 91' lang='lat' dir='ltr'><strong>sciendum</strong></span> <span class='ocrx_word' id='word_1_80' title='bbox 546 1881 594 1940; x_wconf 86' lang='lat' dir='ltr'><strong>cst</strong></span> <span class='ocrx_word' id='word_1_81' title='bbox 611 1893 717 1939; x_wconf 92' lang='lat' dir='ltr'><strong>omnes</strong></span> <span class='ocrx_word' id='word_1_82' title='bbox 734 1881 853 1938; x_wconf 89' lang='lat' dir='ltr'><strong>tutores</strong></span> <span class='ocrx_word' id='word_1_83' title='bbox 869 1876 936 1939; x_wconf 89' lang='lat' dir='ltr'><strong>siue</strong></span> <span class='ocrx_word' id='word_1_84' title='bbox 952 1873 1180 1939; x_wconf 83' lang='lat' dir='ltr'><strong>testamentarii</strong></span> <span class='ocrx_word' id='word_1_85' title='bbox 1191 1874 1259 1939; x_wconf 91' lang='lat' dir='ltr'><strong>siue</strong></span> 
     </span>
     <span class='ocr_line' id='line_1_12' title="bbox 130 1990 1310 2076; baseline -0.003 -18"><span class='ocrx_word' id='word_1_86' title='bbox 130 1993 264 2058; x_wconf 86' lang='lat' dir='ltr'><strong>alterius</strong></span> <span class='ocrx_word' id='word_1_87' title='bbox 286 1992 409 2073; x_wconf 83' lang='lat' dir='ltr'><strong>generis</strong></span> <span class='ocrx_word' id='word_1_88' title='bbox 431 2001 518 2059; x_wconf 84' lang='lat' dir='ltr'><strong>recte</strong></span> <span class='ocrx_word' id='word_1_89' title='bbox 540 1990 711 2076; x_wconf 89' lang='lat' dir='ltr'><strong>postulari;</strong></span> <span class='ocrx_word' id='word_1_90' title='bbox 733 1995 840 2075; x_wconf 91' lang='lat' dir='ltr'><strong>itaque</strong></span> <span class='ocrx_word' id='word_1_91' title='bbox 863 2001 894 2058; x_wconf 90' lang='lat' dir='ltr'><strong>et</strong></span> <span class='ocrx_word' id='word_1_92' title='bbox 914 1991 1073 2074; x_wconf 83' lang='lat' dir='ltr'><strong>legitimus</strong></span> <span class='ocrx_word' id='word_1_93' title='bbox 1096 2000 1182 2059; x_wconf 93' lang='lat' dir='ltr'><strong>tutor</strong></span> <span class='ocrx_word' id='word_1_94' title='bbox 1206 2011 1259 2058; x_wconf 93' lang='lat' dir='ltr'><strong>ue·</strong></span> <span class='ocrx_word' id='word_1_95' title='bbox 1279 2004 1310 2070; x_wconf 84' lang='lat'><strong>10</strong></span> 
     </span>
     <span class='ocr_line' id='line_1_13' title="bbox 130 2111 1258 2196; baseline -0.002 -19"><span class='ocrx_word' id='word_1_96' title='bbox 130 2111 191 2177; x_wconf 91' lang='lat' dir='ltr'><strong>luti</strong></span> <span class='ocrx_word' id='word_1_97' title='bbox 214 2121 380 2196; x_wconf 88' lang='lat' dir='ltr'><strong>suspectus</strong></span> <span class='ocrx_word' id='word_1_98' title='bbox 402 2114 556 2178; x_wconf 89' lang='lat' dir='ltr'><strong>remoueri</strong></span> <span class='ocrx_word' id='word_1_99' title='bbox 581 2115 705 2194; x_wconf 88' lang='lat' dir='ltr'><strong>poterit.</strong></span> <span class='ocrx_word' id='word_1_100' title='bbox 752 2120 783 2178; x_wconf 91' lang='lat' dir='ltr'><strong>et</strong></span> <span class='ocrx_word' id='word_1_101' title='bbox 806 2115 832 2176; x_wconf 89' lang='lat' dir='ltr'><strong>si</strong></span> <span class='ocrx_word' id='word_1_102' title='bbox 854 2120 1006 2194; x_wconf 88' lang='lat' dir='ltr'><strong>patronus</strong></span> <span class='ocrx_word' id='word_1_103' title='bbox 1036 2112 1145 2192; x_wconf 83' lang='lat' dir='ltr'><strong>luerit,</strong></span> <span class='ocrx_word' id='word_1_104' title='bbox 1176 2113 1258 2177; x_wconf 91' lang='lat' dir='ltr'><strong>idem</strong></span> 
     </span>
     <span class='ocr_line' id='line_1_14' title="bbox 131 2230 1258 2313; baseline -0.004 -17"><span class='ocrx_word' id='word_1_105' title='bbox 131 2233 281 2310; x_wconf 80' lang='lat' dir='ltr'><strong>dicemus,</strong></span> <span class='ocrx_word' id='word_1_106' title='bbox 306 2233 366 2296; x_wconf 89' lang='lat' dir='ltr'><strong>nisi</strong></span> <span class='ocrx_word' id='word_1_107' title='bbox 388 2233 472 2311; x_wconf 90' lang='lat' dir='ltr'><strong>quod</strong></span> <span class='ocrx_word' id='word_1_108' title='bbox 494 2231 654 2297; x_wconf 88' lang='lat' dir='ltr'><strong>sciendum</strong></span> <span class='ocrx_word' id='word_1_109' title='bbox 678 2240 728 2296; x_wconf 87' lang='lat' dir='ltr'><strong>est</strong></span> <span class='ocrx_word' id='word_1_110' title='bbox 750 2230 851 2298; x_wconf 86' lang='lat' dir='ltr'><strong>lamae</strong></span> <span class='ocrx_word' id='word_1_111' title='bbox 878 2234 1001 2313; x_wconf 89' lang='lat' dir='ltr'><strong>patroni</strong></span> <span class='ocrx_word' id='word_1_112' title='bbox 1032 2250 1101 2294; x_wconf 85' lang='lat' dir='ltr'><strong>csse</strong></span> <span class='ocrx_word' id='word_1_113' title='bbox 1131 2249 1258 2312; x_wconf 89' lang='lat' dir='ltr'><strong>parcen-</strong></span> 
     </span>
     <span class='ocr_line' id='line_1_15' title="bbox 131 2348 1258 2432; baseline -0.003 -15"><span class='ocrx_word' id='word_1_114' title='bbox 131 2353 224 2432; x_wconf 92' lang='lat' dir='ltr'><strong>dum,</strong></span> <span class='ocrx_word' id='word_1_115' title='bbox 252 2352 325 2416; x_wconf 89' lang='lat' dir='ltr'><strong>licet</strong></span> <span class='ocrx_word' id='word_1_116' title='bbox 348 2359 383 2416; x_wconf 93' lang='lat' dir='ltr'><strong>ut</strong></span> <span class='ocrx_word' id='word_1_117' title='bbox 405 2358 569 2432; x_wconf 88' lang='lat' dir='ltr'><strong>suspectus</strong></span> <span class='ocrx_word' id='word_1_118' title='bbox 600 2357 738 2416; x_wconf 85' lang='lat' dir='ltr'><strong>remotus</strong></span> <span class='ocrx_word' id='word_1_119' title='bbox 767 2348 871 2414; x_wconf 83' lang='lat' dir='ltr'><strong>fuerit.</strong></span> <span class='ocrx_word' id='word_1_120' title='bbox 923 2351 1060 2430; x_wconf 88' lang='lat' dir='ltr'><strong>suspecti</strong></span> <span class='ocrx_word' id='word_1_121' title='bbox 1090 2350 1172 2414; x_wconf 91' lang='lat' dir='ltr'><strong>enim</strong></span> <span class='ocrx_word' id='word_1_122' title='bbox 1203 2351 1258 2414; x_wconf 87' lang='lat' dir='ltr'><strong>cri-</strong></span> 
     </span>
     <span class='ocr_line' id='line_1_16' title="bbox 87 2468 1257 2550; baseline 0 -17"><span class='ocrx_word' id='word_1_123' title='bbox 87 2483 111 2533; x_wconf 82' lang='lat'><strong>3.</strong></span> <span class='ocrx_word' id='word_1_124' title='bbox 131 2491 204 2536; x_wconf 93' lang='lat' dir='ltr'><strong>men</strong></span> <span class='ocrx_word' id='word_1_125' title='bbox 226 2471 379 2535; x_wconf 89' lang='lat' dir='ltr'><strong>famosum</strong></span> <span class='ocrx_word' id='word_1_126' title='bbox 403 2480 461 2534; x_wconf 91' lang='lat' dir='ltr'><strong>est.</strong></span> <span class='ocrx_word' id='word_1_127' title='bbox 506 2470 535 2533; x_wconf 91' lang='lat'><strong>3.</strong></span> <span class='ocrx_word' id='word_1_128' title='bbox 570 2468 771 2550; x_wconf 85' lang='lat' dir='ltr'><strong>Consequens</strong></span> <span class='ocrx_word' id='word_1_129' title='bbox 795 2476 842 2532; x_wconf 87' lang='lat' dir='ltr'><strong>est</strong></span> <span class='ocrx_word' id='word_1_130' title='bbox 864 2475 900 2532; x_wconf 88' lang='lat' dir='ltr'><strong>ut</strong></span> <span class='ocrx_word' id='word_1_131' title='bbox 922 2469 1085 2532; x_wconf 89' lang='lat' dir='ltr'><strong>uideamus</strong></span> <span class='ocrx_word' id='word_1_132' title='bbox 1112 2468 1166 2548; x_wconf 91' lang='lat' dir='ltr'><strong>qui</strong></span> <span class='ocrx_word' id='word_1_133' title='bbox 1190 2489 1257 2550; x_wconf 92' lang='lat' dir='ltr'><strong>pos-</strong></span> 
     </span>
     <span class='ocr_line' id='line_1_17' title="bbox 130 2588 1307 2674; baseline 0.002 -20"><span class='ocrx_word' id='word_1_134' title='bbox 130 2589 196 2654; x_wconf 87' lang='lat' dir='ltr'><strong>sint</strong></span> <span class='ocrx_word' id='word_1_135' title='bbox 229 2597 392 2668; x_wconf 83' lang='lat' dir='ltr'><strong>suspectos</strong></span> <span class='ocrx_word' id='word_1_136' title='bbox 418 2590 596 2674; x_wconf 87' lang='lat' dir='ltr'><strong>postulare.</strong></span> <span class='ocrx_word' id='word_1_137' title='bbox 653 2594 685 2654; x_wconf 86' lang='lat' dir='ltr'><strong>ct</strong></span> <span class='ocrx_word' id='word_1_138' title='bbox 717 2588 877 2654; x_wconf 88' lang='lat' dir='ltr'><strong>sciendum</strong></span> <span class='ocrx_word' id='word_1_139' title='bbox 917 2597 965 2652; x_wconf 89' lang='lat' dir='ltr'><strong>est</strong></span> <span class='ocrx_word' id='word_1_140' title='bbox 998 2589 1155 2670; x_wconf 90' lang='lat' dir='ltr'><strong>publicam</strong></span> <span class='ocrx_word' id='word_1_141' title='bbox 1189 2609 1257 2654; x_wconf 85' lang='lat' dir='ltr'><strong>esse</strong></span> <span class='ocrx_word' id='word_1_142' title='bbox 1278 2605 1307 2656; x_wconf 79' lang='lat' dir='ltr'><strong>lo</strong></span> 
     </span>
     <span class='ocr_line' id='line_1_18' title="bbox 130 2706 1257 2790; baseline -0.004 -15"><span class='ocrx_word' id='word_1_143' title='bbox 130 2710 284 2775; x_wconf 87' lang='lat' dir='ltr'><strong>eiusmodi</strong></span> <span class='ocrx_word' id='word_1_144' title='bbox 313 2711 483 2787; x_wconf 86' lang='lat' dir='ltr'><strong>actionem,</strong></span> <span class='ocrx_word' id='word_1_145' title='bbox 506 2709 588 2774; x_wconf 90' lang='lat' dir='ltr'><strong>idest</strong></span> <span class='ocrx_word' id='word_1_146' title='bbox 610 2710 754 2774; x_wconf 90' lang='lat' dir='ltr'><strong>omnibus</strong></span> <span class='ocrx_word' id='word_1_147' title='bbox 781 2708 874 2773; x_wconf 88' lang='lat' dir='ltr'><strong>licere</strong></span> <span class='ocrx_word' id='word_1_148' title='bbox 897 2709 955 2772; x_wconf 94' lang='lat' dir='ltr'><strong>hoc</strong></span> <span class='ocrx_word' id='word_1_149' title='bbox 977 2706 1090 2772; x_wconf 92' lang='lat' dir='ltr'><strong>iudicio</strong></span> <span class='ocrx_word' id='word_1_150' title='bbox 1113 2707 1257 2790; x_wconf 85' lang='lat' dir='ltr'><strong>experiri.</strong></span> 
     </span>
     <span class='ocr_line' id='line_1_19' title="bbox 128 2827 1258 2912; baseline -0.004 -17"><span class='ocrx_word' id='word_1_151' title='bbox 128 2833 206 2912; x_wconf 88' lang='lat' dir='ltr'><strong>quin</strong></span> <span class='ocrx_word' id='word_1_152' title='bbox 228 2829 324 2894; x_wconf 89' lang='lat' dir='ltr'><strong>immo</strong></span> <span class='ocrx_word' id='word_1_153' title='bbox 352 2837 385 2894; x_wconf 89' lang='lat' dir='ltr'><strong>et</strong></span> <span class='ocrx_word' id='word_1_154' title='bbox 407 2829 554 2894; x_wconf 84' lang='lat' dir='ltr'><strong>mulieres</strong></span> <span class='ocrx_word' id='word_1_155' title='bbox 577 2829 618 2894; x_wconf 89' lang='lat' dir='ltr'><strong>ad</strong></span> <span class='ocrx_word' id='word_1_156' title='bbox 641 2830 721 2893; x_wconf 89' lang='lat' dir='ltr'><strong>hanc</strong></span> <span class='ocrx_word' id='word_1_157' title='bbox 743 2830 895 2894; x_wconf 88' lang='lat' dir='ltr'><strong>actionem</strong></span> <span class='ocrx_word' id='word_1_158' title='bbox 919 2827 1143 2904; x_wconf 87' lang='lat' dir='ltr'><strong>admittentur,</strong></span> <span class='ocrx_word' id='word_1_159' title='bbox 1167 2828 1258 2892; x_wconf 90' lang='lat' dir='ltr'><strong>sicuti</strong></span> 
     </span>
     <span class='ocr_line' id='line_1_20' title="bbox 129 2946 1258 3014; baseline -0.003 -1"><span class='ocrx_word' id='word_1_160' title='bbox 129 2948 356 3013; x_wconf 87' lang='lat' dir='ltr'><strong>constitutione</strong></span> <span class='ocrx_word' id='word_1_161' title='bbox 379 2947 523 3014; x_wconf 86' lang='lat' dir='ltr'><strong>diuorum</strong></span> <span class='ocrx_word' id='word_1_162' title='bbox 546 2946 657 3014; x_wconf 88' lang='lat' dir='ltr'><strong>Seueri</strong></span> <span class='ocrx_word' id='word_1_163' title='bbox 680 2955 712 3013; x_wconf 89' lang='lat' dir='ltr'><strong>ct</strong></span> <span class='ocrx_word' id='word_1_164' title='bbox 736 2947 884 3012; x_wconf 87' lang='lat' dir='ltr'><strong>Antonini</strong></span> <span class='ocrx_word' id='word_1_165' title='bbox 907 2955 1033 3014; x_wconf 90' lang='lat' dir='ltr'><strong>cautum</strong></span> <span class='ocrx_word' id='word_1_166' title='bbox 1047 2955 1110 3012; x_wconf 87' lang='lat' dir='ltr'><strong>est:</strong></span> <span class='ocrx_word' id='word_1_167' title='bbox 1134 2953 1184 3012; x_wconf 88' lang='lat' dir='ltr'><strong>set</strong></span> <span class='ocrx_word' id='word_1_168' title='bbox 1199 2947 1258 3011; x_wconf 90' lang='lat' dir='ltr'><strong>hae</strong></span> 
     </span>
    </p>
   </div>
   <div class='ocr_carea' id='block_1_4' title="bbox 127 3063 1309 3746">
    <p class='ocr_par' dir='ltr' id='par_1_4' title="bbox 127 3063 1309 3746">
     <span class='ocr_line' id='line_1_21' title="bbox 128 3063 1257 3151; baseline -0.003 -19"><span class='ocrx_word' id='word_1_169' title='bbox 128 3067 227 3140; x_wconf 88' lang='lat' dir='ltr'><strong>solae,</strong></span> <span class='ocrx_word' id='word_1_170' title='bbox 251 3085 333 3150; x_wconf 89' lang='lat' dir='ltr'><strong>qnae</strong></span> <span class='ocrx_word' id='word_1_171' title='bbox 355 3063 484 3151; x_wconf 88' lang='lat' dir='ltr'><strong>pietatis</strong></span> <span class='ocrx_word' id='word_1_172' title='bbox 506 3066 739 3132; x_wconf 86' lang='lat' dir='ltr'><strong>necessitudine</strong></span> <span class='ocrx_word' id='word_1_173' title='bbox 761 3069 875 3134; x_wconf 85' lang='lat' dir='ltr'><strong>ductae</strong></span> <span class='ocrx_word' id='word_1_174' title='bbox 897 3068 937 3132; x_wconf 90' lang='lat' dir='ltr'><strong>ad</strong></span> <span class='ocrx_word' id='word_1_175' title='bbox 960 3069 1018 3133; x_wconf 91' lang='lat' dir='ltr'><strong>hoc</strong></span> <span class='ocrx_word' id='word_1_176' title='bbox 1042 3066 1257 3148; x_wconf 87' lang='lat' dir='ltr'><strong>processerint,</strong></span> 
     </span>
     <span class='ocr_line' id='line_1_22' title="bbox 127 3187 1309 3268; baseline -0.001 -16"><span class='ocrx_word' id='word_1_177' title='bbox 127 3187 233 3252; x_wconf 88' lang='lat' dir='ltr'><strong>ueluti</strong></span> <span class='ocrx_word' id='word_1_178' title='bbox 267 3195 367 3252; x_wconf 89' lang='lat' dir='ltr'><strong>mater</strong></span> <span class='ocrx_word' id='word_1_179' title='bbox 401 3189 506 3252; x_wconf 83' lang='lat' dir='ltr'><strong>nutrix</strong></span> <span class='ocrx_word' id='word_1_180' title='bbox 539 3189 621 3253; x_wconf 89' lang='lat' dir='ltr'><strong>auia.</strong></span> <span class='ocrx_word' id='word_1_181' title='bbox 693 3206 732 3251; x_wconf 94' lang='lat' dir='ltr'><strong>ne</strong></span> <span class='ocrx_word' id='word_1_182' title='bbox 770 3204 860 3252; x_wconf 86' lang='lat' dir='ltr'><strong>soror</strong></span> <span class='ocrx_word' id='word_1_183' title='bbox 898 3187 1024 3266; x_wconf 90' lang='lat' dir='ltr'><strong>quidem</strong></span> <span class='ocrx_word' id='word_1_184' title='bbox 1058 3187 1256 3268; x_wconf 89' lang='lat' dir='ltr'><strong>prohibetur;</strong></span> <span class='ocrx_word' id='word_1_185' title='bbox 1275 3193 1309 3242; x_wconf 81' lang='lat'><strong>20</strong></span> 
     </span>
     <span class='ocr_line' id='line_1_23' title="bbox 128 3303 1255 3391; baseline -0.002 -21"><span class='ocrx_word' id='word_1_186' title='bbox 128 3315 180 3372; x_wconf 89' lang='lat' dir='ltr'><strong>set</strong></span> <span class='ocrx_word' id='word_1_187' title='bbox 203 3316 237 3371; x_wconf 90' lang='lat' dir='ltr'><strong>et</strong></span> <span class='ocrx_word' id='word_1_188' title='bbox 261 3307 287 3371; x_wconf 91' lang='lat' dir='ltr'><strong>si</strong></span> <span class='ocrx_word' id='word_1_189' title='bbox 310 3327 373 3388; x_wconf 89' lang='lat' dir='ltr'><strong>qua</strong></span> <span class='ocrx_word' id='word_1_190' title='bbox 395 3303 459 3373; x_wconf 87' lang='lat' dir='ltr'><strong>alia</strong></span> <span class='ocrx_word' id='word_1_191' title='bbox 481 3309 596 3372; x_wconf 88' lang='lat' dir='ltr'><strong>mulier</strong></span> <span class='ocrx_word' id='word_1_192' title='bbox 617 3306 721 3384; x_wconf 87' lang='lat' dir='ltr'><strong>luerit,</strong></span> <span class='ocrx_word' id='word_1_193' title='bbox 745 3306 835 3372; x_wconf 91' lang='lat' dir='ltr'><strong>cuius</strong></span> <span class='ocrx_word' id='word_1_194' title='bbox 857 3315 985 3391; x_wconf 89' lang='lat' dir='ltr'><strong>praetor</strong></span> <span class='ocrx_word' id='word_1_195' title='bbox 1007 3323 1193 3388; x_wconf 88' lang='lat' dir='ltr'><strong>propensam</strong></span> <span class='ocrx_word' id='word_1_196' title='bbox 1217 3308 1255 3370; x_wconf 89' lang='lat' dir='ltr'><strong>ad</strong></span> 
     </span>
     <span class='ocr_line' id='line_1_24' title="bbox 128 3424 1255 3508; baseline 0 -18"><span class='ocrx_word' id='word_1_197' title='bbox 128 3427 282 3506; x_wconf 87' lang='lat' dir='ltr'><strong>pietatem</strong></span> <span class='ocrx_word' id='word_1_198' title='bbox 306 3433 442 3492; x_wconf 87' lang='lat' dir='ltr'><strong>mentem</strong></span> <span class='ocrx_word' id='word_1_199' title='bbox 464 3425 664 3505; x_wconf 83' lang='lat' dir='ltr'><strong>intellexerit,</strong></span> <span class='ocrx_word' id='word_1_200' title='bbox 686 3446 749 3491; x_wconf 91' lang='lat' dir='ltr'><strong>non</strong></span> <span class='ocrx_word' id='word_1_201' title='bbox 773 3446 847 3491; x_wconf 91' lang='lat' dir='ltr'><strong>uero</strong></span> <span class='ocrx_word' id='word_1_202' title='bbox 877 3424 1064 3508; x_wconf 90' lang='lat' dir='ltr'><strong>impudicam</strong></span> <span class='ocrx_word' id='word_1_203' title='bbox 1088 3443 1188 3506; x_wconf 91' lang='lat' dir='ltr'><strong>neque</strong></span> <span class='ocrx_word' id='word_1_204' title='bbox 1211 3445 1255 3490; x_wconf 86' lang='lat' dir='ltr'><strong>sc·</strong></span> 
     </span>
     <span class='ocr_line' id='line_1_25' title="bbox 128 3545 1258 3626; baseline -0.003 -16"><span class='ocrx_word' id='word_1_205' title='bbox 128 3563 190 3610; x_wconf 87' lang='lat' dir='ltr'><strong>xus</strong></span> <span class='ocrx_word' id='word_1_206' title='bbox 213 3546 435 3611; x_wconf 85' lang='lat' dir='ltr'><strong>uerecundiam</strong></span> <span class='ocrx_word' id='word_1_207' title='bbox 459 3546 680 3626; x_wconf 85' lang='lat' dir='ltr'><strong>egredientem,</strong></span> <span class='ocrx_word' id='word_1_208' title='bbox 703 3550 798 3624; x_wconf 84' lang='lat' dir='ltr'><strong>atque</strong></span> <span class='ocrx_word' id='word_1_209' title='bbox 820 3545 939 3626; x_wconf 89' lang='lat' dir='ltr'><strong>pietate</strong></span> <span class='ocrx_word' id='word_1_210' title='bbox 966 3551 1167 3623; x_wconf 88' lang='lat' dir='ltr'><strong>commotam,</strong></span> <span class='ocrx_word' id='word_1_211' title='bbox 1197 3563 1258 3608; x_wconf 93' lang='lat' dir='ltr'><strong>non</strong></span> 
     </span>
     <span class='ocr_line' id='line_1_26' title="bbox 128 3663 1258 3746; baseline -0.004 -16"><span class='ocrx_word' id='word_1_212' title='bbox 128 3683 225 3744; x_wconf 89' lang='lat' dir='ltr'><strong>posse</strong></span> <span class='ocrx_word' id='word_1_213' title='bbox 247 3664 394 3729; x_wconf 90' lang='lat' dir='ltr'><strong>iniuriam</strong></span> <span class='ocrx_word' id='word_1_214' title='bbox 416 3663 607 3745; x_wconf 89' lang='lat' dir='ltr'><strong>pupillorum</strong></span> <span class='ocrx_word' id='word_1_215' title='bbox 629 3665 797 3741; x_wconf 86' lang='lat' dir='ltr'><strong>continere,</strong></span> <span class='ocrx_word' id='word_1_216' title='bbox 819 3666 901 3731; x_wconf 87' lang='lat' dir='ltr'><strong>hanc</strong></span> <span class='ocrx_word' id='word_1_217' title='bbox 922 3682 1047 3746; x_wconf 86' lang='lat' dir='ltr'><strong>qnoque</strong></span> <span class='ocrx_word' id='word_1_218' title='bbox 1070 3664 1109 3728; x_wconf 88' lang='lat' dir='ltr'><strong>ad</strong></span> <span class='ocrx_word' id='word_1_219' title='bbox 1133 3680 1258 3728; x_wconf 89' lang='lat' dir='ltr'><strong>accusa·</strong></span> 
     </span>
    </p>
   </div>
   <div class='ocr_carea' id='block_1_5' title="bbox 0 0 1500 4884">
    <p class='ocr_par' dir='ltr' id='par_1_5' title="bbox 0 0 1500 4884">
     <span class='ocr_line' id='line_1_27' title="bbox 0 0 1500 4884; baseline 0 3"><span class='ocrx_word' id='word_1_220' title='bbox 0 0 1500 4884; x_wconf 95' lang='lat' dir='ltr'><strong> </strong></span> 
     </span>
    </p>
   </div>
  </div>
 </body>
</html>
