3038 4884
591 393 803 458 ..32-

132 577 196 643 hoc
219 578 312 642 modo
333 584 498 660 pmentnnr
522 597 650 647 suorum
674 599 744 648 cnm
767 581 882 648 ceteris
908 583 1003 650 rebus
1034 583 1177 649 dominus
1199 583 1261 650 iac·

131 701 186 760 tus
209 701 268 760 est.
314 697 425 763 deinde
447 716 523 765 nero
545 700 654 765 nolens
676 697 760 764 filius
781 707 928 782 parentes
955 719 1029 767 suos
1051 701 1084 766 in
1106 702 1260 769 seruitute

57 878 62 887 ,
131 815 342 895 ignominiosa
364 820 553 899 conspicere,
576 836 629 883 eos
652 821 682 884 in
706 819 835 886 consilio
858 838 952 886 manu
975 819 1068 887 misit.
1106 821 1190 887 insta
1212 828 1261 886 est

132 951 231 1000 cansa
254 952 378 1015 qnoque
400 937 427 1000 si
449 935 520 1017 quis
543 937 628 1003 dicat
656 936 753 1003 filium
784 957 874 1004 suum
901 957 970 1005 esse
997 938 1173 1006 naturalem
1204 945 1261 1006 aut

131 1053 228 1120 filiam
252 1056 437 1122 naturalem.
481 1055 564 1139 finge
594 1056 675 1124 enim
704 1059 860 1138 quendam
888 1077 964 1124 snae
993 1058 1122 1125 ancillae
1152 1079 1258 1126 amore
1293 1068 1310 1120 5

131 1181 261 1257 captum
287 1173 385 1240 filium
410 1173 548 1242 filiamne
578 1195 616 1244 ex
649 1195 686 1242 ea
718 1178 878 1259 genuisse
914 1195 1027 1242 seruus
1057 1186 1125 1244 erat
1154 1185 1258 1253 natus,

131 1299 244 1376 utpote
267 1296 321 1374 qui
342 1313 381 1360 ex
402 1314 496 1362 seruo
519 1302 630 1362 renue
652 1297 756 1362 editus
778 1303 871 1364 esset.
920 1303 953 1363 et
975 1297 1117 1364 similiter
1137 1299 1165 1364 si
1186 1299 1257 1381 quis

131 1413 219 1480 dicat
240 1432 330 1480 suum
354 1433 423 1480 esse
445 1413 572 1480 fratrem
595 1415 782 1496 naturalem,
804 1434 893 1482 snam
916 1434 985 1483 esse
1006 1434 1144 1484 sororem
1166 1423 1257 1483 natu·

130 1534 239 1602 ralem.
263 1555 333 1602 cnm
349 1539 430 1603 enim
446 1543 538 1619 pater
552 1555 641 1604 meus
657 1557 695 1604 ex
709 1537 822 1604 ancilla
837 1555 895 1603 sua
909 1535 990 1602 filios
1006 1536 1160 1617 habuerit
1176 1555 1255 1620 quos

128 1675 192 1722 non
214 1657 446 1732 manumiserit,
475 1676 512 1723 eo
534 1663 667 1735 mortuo,
690 1657 761 1724 iure
783 1677 841 1740 ego
864 1675 970 1723 eorum
986 1655 1132 1724 dominus
1154 1656 1307 1724 iactus1⁰

128 1797 211 1856 sum,
235 1794 315 1857 quos
337 1797 395 1860 ego
410 1785 536 1862 propter
550 1777 725 1845 naturalem
741 1779 953 1861 cognationem
969 1779 1189 1844 manumittere
1210 1779 1256 1844 in·

129 1897 229 1964 stitui.
254 1898 424 1981 probabilis
446 1918 542 1966 causa
564 1907 612 1965 eat
635 1905 667 1964 et
689 1899 715 1962 ri
737 1901 807 1979 quis
830 1899 915 1965 dicat
934 1899 1147 1980 paedagogum
1163 1916 1254 1963 suum

129 2035 198 2084 esse
220 2019 272 2084 uel
299 2019 463 2097 nutricem,
486 2016 539 2085 uei
558 2019 766 2099 educatorem,
782 2019 834 2084 uel
847 2020 1005 2083 alumnum
1020 2017 1186 2096 alumnam,
1202 2018 1254 2084 uel

128 2138 375 2216 conlactaneum,
398 2157 488 2220 quem
512 2144 640 2232 uocant;
664 2138 716 2204 uel
738 2157 865 2205 seruum
881 2131 1101 2203 manumittere
1116 2155 1150 2202 se
1172 2136 1253 2202 uelle

128 2259 341 2341 procuratoris
356 2257 491 2323 habendi
507 2257 619 2339 gratia,
643 2263 679 2324 ut
693 2277 763 2325 oum
779 2259 860 2322 enim
882 2258 960 2323 liber
983 2257 1032 2336 sit,
1056 2257 1174 2338 absque
1195 2256 1253 2320 im·
1273 2250 1303 2302 ¹⁶

126 2377 308 2462 pedimento
337 2378 502 2447 facultates
529 2396 615 2443 meas
645 2379 744 2460 possit
770 2378 998 2443 administrare.
1044 2375 1120 2442 item
1149 2375 1177 2439 si
1199 2394 1252 2441 an·

127 2495 230 2563 cillam
253 2497 463 2564 manumisero
486 2498 677 2564 matrimonii
699 2515 804 2564 eausa.
856 2516 926 2564 cum
949 2499 1031 2563 euim
1052 2497 1136 2564 inter
1157 2496 1252 2563 ancil·

126 2615 190 2682 lam
212 2621 246 2683 et
266 2617 399 2683 liberum
421 2617 576 2683 hominem
600 2619 731 2700 nuptiae
746 2617 916 2684 consistere
931 2624 1097 2699 nequeant,
1120 2634 1189 2682 eam
1211 2616 1251 2680 ad

125 2735 186 2802 hoc
207 2735 385 2801 manumisi.
429 2736 483 2818 qui
505 2756 584 2803 uero
606 2737 750 2803 ancillam
774 2737 963 2802 matrimonii
986 2753 1081 2800 causa
1102 2735 1252 2801 manumi-

125 2855 319 2932 serit-intra
340 2873 395 2920 sex
417 2873 540 2922 menses
563 2854 646 2921 illam
674 2873 802 2922 uxorem
826 2856 941 2921 ducere
963 2855 1065 2931 debet,
1087 2855 1146 2920 nisi
1168 2855 1252 2920 iusta
1268 2861 1304 2912 20

125 2992 223 3040 causa
260 2974 430 3058 impediat,
472 2975 572 3041 ueluti
612 2975 638 3040 si
673 2985 800 3042 senator
833 2974 934 3041 laetus
967 2981 1037 3054 est,
1074 2993 1136 3040 non
1169 2974 1251 3038 enim

124 3093 201 3160 licet
234 3094 372 3159 senatori
404 3093 548 3160 libertam
587 3113 715 3162 uxorem
750 3096 873 3161 ducere.
930 3100 962 3161 et
998 3095 1051 3176 qui
1086 3094 1251 3158 manumit-

125 3217 205 3279 titur
237 3214 450 3294 procuratoris
484 3213 619 3279 habendi
652 3215 770 3293 gratia,
805 3215 904 3279 maior
935 3211 1028 3278 XVII
1060 3213 1148 3278 annis
1181 3229 1250 3277 esse

86 3350 109 3402 a.
125 3334 230 3400 debet.
275 3334 305 3396 6.
340 3333 491 3412 Quotiens
517 3339 622 3399 autem
645 3334 741 3399 semel
768 3333 855 3399 iusta
878 3351 973 3399 causa
999 3331 1031 3396 iu
1054 3329 1181 3396 oonsilio
1208 3328 1250 3395 sit
1302 3347 1317 3382 a

124 3452 283 3535 adlegatos,
306 3453 374 3519 siue
395 3472 473 3520 uera
495 3454 544 3533 sit,
570 3452 639 3520 siue
660 3454 740 3519 falsa
762 3473 824 3519 non
846 3454 1054 3529 reuertatur,
1082 3448 1249 3516 manumis-
1266 3465 1302 3516 25

125 3573 214 3638 sione
236 3579 353 3639 secuta
399 3579 474 3639 tuno
496 3573 578 3638 enim
601 3572 816 3639 contradicere
837 3571 919 3649 iicet,
943 3590 1012 3638 eum
1033 3589 1070 3635 aa
1085 3574 1247 3648 tractatur,

176 4281 278 4332 Tineoph.
291 4281 405 4322 Antecess.
418 4292 461 4320 ree·
475 4279 566 4321 Fer-riui.
