3078 4882
617 404 851 465 -171-

174 591 251 666 ber,
267 587 351 655 etex
366 594 485 660 aetate:
500 591 689 654 maximus
704 597 809 666 natu,
825 589 1000 655 minimus
1015 579 1187 668 natm-uel
1202 611 1239 658 ex
1254 610 1301 658 co-

172 709 250 776 lore.
272 709 383 789 albus
405 727 462 774 seu
484 689 606 789 ui'ge'r.
629 717 662 775 et
684 708 715 774 iu
732 689 853 794 summa
868 725 1011 796 quaeque
1026 709 1132 786 dictio,
1155 728 1218 792 quo
1232 729 1300 793 per·

172 847 251 894 sona
274 828 356 924 clare
379 827 572 910 significetur
593 828 634 893 ad
650 827 832 898 nominatim
848 827 1099 894 exheredandum
1115 827 1238 895 sufficit.
1273 834 1300 893 1.

127 965 150 1013 1.
173 946 308 1029 Oportet
322 944 504 1030 testatorem
520 965 581 1012 nou
598 964 705 1012 eorum
720 950 842 1011 tantum
858 945 913 1029 qui
928 947 958 1011 in
974 965 1079 1012 rerum
1096 954 1209 1012 natura
1227 957 1302 1013 sunt
1319 1003 1322 1012 .

172 1073 222 1132 set
238 1067 331 1132 etiam
346 1072 561 1146 postumorum
577 1083 684 1131 curam
699 1083 816 1148 gerere,
827 1082 944 1147 eosque
958 1064 1090 1130 heredes
1102 1065 1238 1132 scribere
1249 1065 1301 1132 uel
1335 1065 1352 1114 ὅ

171 1186 343 1251 exheredes
365 1185 486 1256 faeere
508 1199 581 1250 nam
602 1183 766 1267 praeteriti
789 1183 881 1250 simul
896 1189 992 1263 atque
1007 1191 1181 1249 nascuntur
1204 1190 1301 1250 testa·

169 1311 311 1370 mentum
334 1310 492 1388 rumpunt.
526 1324 629 1388 usque
651 1305 716 1370 ulla
737 1303 913 1369 differentis
935 1303 1125 1369 inuenienda
1147 1312 1196 1369 est
1218 1297 1299 1368 iuter
1385 1319 1388 1324 “

168 1423 269 1489 fllium
292 1429 324 1490 et
338 1423 442 1499 filiam,
458 1431 601 1506 nepotem
620 1428 815 1505 neptemque.
843 1423 892 1487 his
915 1421 996 1488 enim
1019 1422 1209 1504 praeteritis,
1225 1424 1300 1490 scri·

168 1548 258 1624 ptum
274 1548 497 1610 testamentum
513 1543 608 1622 ualet,
632 1549 778 1625 postumo
794 1546 898 1608 autem
920 1547 1004 1619 neto,
1028 1541 1185 1624 rumpitur
1201 1548 1298 1608 testa·
1332 1547 1336 1554 '

167 1653 309 1728 mentum
321 1670 353 1728 et
364 1681 493 1744 prorsus
505 1661 691 1740 infirmatur,
705 1662 824 1728 scilicet
839 1663 913 1745 quia
928 1667 1092 1743 postumus
1107 1662 1297 1744 praeteritus
1319 1671 1352 1722 10

63 1791 66 1800 “
168 1787 227 1846 est
273 1800 334 1847 nou
360 1799 437 1847 uero
463 1781 571 1847 stetim
601 1783 641 1848 ab
668 1783 738 1862 ipsa
766 1783 938 1864 scripture,
969 1790 1018 1846 set
1045 1800 1082 1848 ex
1109 1782 1299 1862 adgnatioue

166 1901 306 1982 postumi
328 1899 513 1966 infirmatur.
558 1901 693 1983 ideoque
715 1902 742 1965 si
763 1902 875 1967 mulier
898 1921 935 1968 ex
956 1918 1020 1981 qua
1040 1907 1205 1983 postumus
1226 1917 1295 1981 spe-

166 2020 301 2086 rabatur
322 2021 469 2086 ohortum
490 2020 610 2093 fecerit,
633 2019 711 2085 nihil
732 2021 988 2104 impedimentum
1012 2019 1073 2085 erit
1094 2019 1220 2101 scriptis
1242 2016 1296 2082 he·
1319 2053 1334 2062 ·-

166 2137 298 2204 redibus
314 2140 482 2232 quominus
496 2119 703 2206 hereditatem
720 2139 844 2233 adeant.
868 2145 917 2204 set
939 2137 1079 2204 feminini
1102 2138 1228 2226 quidem
1250 2155 1298 2202 se·

165 2275 225 2321 xus
247 2258 384 2338 postumi
406 2257 458 2322 uel
481 2258 668 2324 nominatim
695 2259 746 2323 uel
772 2257 856 2323 inter
884 2265 1006 2323 ceteros
1035 2255 1219 2324 exheredari
1248 2256 1350 2320 'so-1⁶

164 2376 241 2439 lent
285 2394 356 2440 nam
380 2377 407 2440 si
429 2382 562 2442 testator
585 2376 683 2443 dicct:
711 2377 764 2441 sit
793 2376 885 2441 mihi
913 2376 987 2442 ille
1013 2376 1147 2456 heres,
1176 2381 1289 2446 ceter

165 2493 389 2560 exheredes
422 2485 553 2572 sunto,
584 2514 642 2576 per
668 2496 745 2562 haec
774 2498 873 2562 uerbe
902 2495 1086 2561 exheredari
1114 2495 1209 2560 etiam
1235 2512 1291 2576 po·

164 2619 270 2698 stoma
282 2611 428 2679 uidetur.
466 2619 605 2680 attamen
627 2633 667 2680 ue
687 2616 756 2696 ipsa
778 2634 848 2680 cum
872 2622 947 2680 nata
968 2614 1012 2680 sit
1033 2621 1151 2680 temere
1172 2613 1289 2694 scripto

163 2732 274 2796 heredi
296 2732 543 2798 controuersiam
564 2733 667 2809 faciat,
691 2733 796 2798 dicens
815 2734 855 2799 de
874 2731 1043 2814 semetipsa
1058 2750 1121 2797 non
1134 2732 1291 2813 cogitasse

164 2857 365 2928 testatorem,
389 2855 498 2934 utpote
520 2851 574 2933 qui
598 2871 666 2944 eam
694 2851 905 2933 ignorauerit,
933 2857 1058 2933 oportet
1087 2851 1117 2915 ei
1148 2849 1286 2933 legatum
1315 2848 1351 2899 20

165 2969 352 3049 relinquere.
401 2970 484 3036 dicet
505 2972 613 3052 itaque
634 2971 680 3036 ita
701 2976 847 3037 testator:
871 2970 926 3036 sit
947 2970 1045 3035 mihi
1067 2969 1134 3036 ille
1155 2970 1290 3048 heres,
1343 3053 1345 3062 ‚

165 3089 297 3154 ceteri
321 3088 539 3175 exheredes
562 3095 694 3155 sunto:
717 3095 944 3172 postumae,
972 3090 1191 3173 quaemihi
1215 3107 1285 3153 nas
1323 3085 1338 3090 ”

165 3214 296 3285 cetur,
324 3226 467 3301 aureos
499 3207 524 3273 C
552 3208 651 3291 lego.
697 3210 743 3274 ita
766 3211 847 3276 enim
870 3229 905 3276 re
927 3229 961 3276 se
983 3210 1132 3284 habente,
1161 3207 1294 3272 dicimus

165 3326 211 3392 ei:
245 3333 287 3391 te
318 3343 476 3409 quoque
508 3329 618 3393 inter
650 3335 810 3394 ceteros
843 3329 999 3409 scripte
1032 3317 1296 3392 exheredatio

165 3445 443 3526 amplectitur3
469 3446 607 3528 itaque
629 3452 669 3512 et
689 3446 866 3528 legatum
889 3452 1071 3511 testator
1099 3443 1179 3510 tibi
1201 3443 1297 3512 reli÷
1315 3449 1349 3500 2⁶

166 3563 267 3645 quit.
311 3572 472 3646 postumos
494 3571 599 3630 autem
624 3566 787 3633 masculini
809 3584 920 3638 serus,
942 3566 1028 3632 idest
1049 3562 1147 3640 filium
1169 3564 1221 3628 uel
1243 3582 1295 3640 ue-
