3038 4884
592 355 810 459 -30..¹

134 582 324 648 soluendum
347 601 428 664 quae
449 583 670 664 relinquuntur
691 582 773 648 bona
794 579 964 648 sufficiunt.
1010 600 1082 648 ecce
1109 580 1190 646 enim
1213 578 1262 644 hio

134 702 216 767 adeo
238 721 386 784 magnam
408 701 468 768 sibi
491 702 700 768 substantiam
722 701 839 767 habere
862 701 1047 780 uidebatur,
1078 707 1115 765 ut
1141 705 1174 766 et
1200 718 1263 765 cre·

135 821 293 887 ditoribus
314 829 423 904 posset
444 820 634 897 satisfacere,
658 827 691 885 et
706 819 1010 886 beniuolentissimos
1032 837 1141 886 seruos
1157 836 1264 884 manu·

135 941 272 1018 mittere,
296 947 329 1005 et
349 940 474 1004 omnino
496 940 634 1005 ostendit
655 939 716 1005 sibi
732 957 865 1021 nequam
889 939 1051 1006 consilium
1071 957 1132 1003 non
1155 937 1263 1003 fuisse.

136 1065 272 1126 euentus
294 1066 399 1126 autem
421 1060 481 1125 luit
501 1060 666 1140 pessimus,
689 1060 845 1139 quianon
868 1059 960 1124 sicuti
982 1059 1125 1140 putauit,
1148 1077 1261 1124 reuera
1297 1061 1313 1110 ὅ

136 1179 238 1244 maior
260 1197 334 1244 aare
359 1178 460 1244 alieno
483 1180 550 1244 eius
571 1183 641 1244 arat
670 1178 855 1244 substantia.
902 1176 1061 1242 interdum
1085 1177 1168 1242 enim
1190 1193 1261 1258 pro·

136 1304 209 1378 pter
238 1296 449 1378 ignorantiam
478 1297 611 1379 amplius
648 1296 689 1363 de
717 1297 833 1362 nostris
854 1295 1058 1362 facultatibus
1090 1312 1261 1376 speramus,

137 1437 232 1500 quam
254 1417 287 1483 in
309 1417 358 1483 his
380 1436 491 1499 reapse
514 1422 571 1484 est.
608 1418 715 1500 itaque
737 1417 825 1482 breui
848 1414 1015 1482 dicendum
1038 1421 1087 1480 est
1109 1421 1184 1480 tunc
1207 1414 1263 1478 im-

136 1534 239 1618 pediri
262 1536 456 1615 libertatem,
487 1555 557 1603 cum
587 1543 619 1614 et
644 1536 725 1602 malo
753 1535 880 1602 consilio
906 1551 1016 1599 seruos
1045 1531 1261 1599 manumittam

96 1659 119 1708 4.
137 1663 170 1721 et
192 1657 395 1720 manumissio
417 1655 524 1720 laedat
550 1656 731 1722 creditores.
783 1657 814 1718 4.
848 1653 1002 1720 Nouimus
1029 1672 1067 1719 ex
1094 1653 1262 1734 superiori·
1282 1660 1314 1711 10

138 1776 198 1841 bus
220 1774 321 1854 legem
346 1774 465 1839 Aeliam
488 1773 626 1840 Sentium
649 1773 909 1839 manumissiones
931 1773 1098 1856 impedire,
1126 1773 1262 1853 quaein

137 1893 281 1959 fraudem
309 1893 499 1960 creditorum
529 1892 622 1965 fiant,
652 1894 815 1959 consilium
843 1892 1078 1957 manumissoris
1108 1891 1180 1958 odio
1207 1891 1263 1956 ha-

138 2014 274 2092 bentem,
297 2015 351 2094 qui
378 2011 450 2077 aliis
479 2014 626 2078 damnum
650 2012 805 2078 moliatur.
845 2012 954 2078 eadem
975 2013 1026 2077 lex
1047 2011 1263 2077 manumissio·

137 2150 194 2197 nes
216 2132 356 2212 impedit,
379 2147 460 2212 quae
481 2151 501 2196 a
522 2133 695 2198 minoribns
717 2132 776 2196 XX
798 2131 889 2196 annis
910 2136 1123 2212 praestentur,
1147 2149 1208 2196 non
1230 2131 1262 2194 in

137 2249 245 2315 odium
272 2249 452 2329 cuiusdam,
481 2255 532 2316 set
558 2249 666 2316 fauore
694 2251 799 2333 potins
835 2248 1131 2314 manumittendum.
1187 2248 1263 2314 scie·
1283 2245 1315 2298 ¹⁵

138 2370 194 2436 bat
222 2370 314 2440 enim,
335 2371 488 2436 eiusmodi
522 2371 635 2436 aetatis
667 2371 807 2435 homines
836 2368 926 2436 iacile
952 2368 1053 2450 decipi
1085 2384 1264 2432 seruorum·

138 2509 200 2573 qne
241 2507 370 2554 suornm
413 2491 532 2570 captari
577 2489 796 2555 blandimentis
839 2495 872 2555 et
910 2489 956 2552 ita
992 2505 1067 2552 snas
1107 2487 1263 2551 minutere

137 2608 317 2674 facultates.
361 2607 393 2673 id
416 2609 513 2690 igitur
533 2627 605 2674 cum
632 2615 753 2687 nosset,
783 2625 891 2672 eorum
922 2605 1044 2672 insidiis
1071 2623 1145 2670 suas
1168 2622 1264 2687 oppo-

138 2730 204 2794 suit
225 2729 413 2794 sanctiooes.
457 2736 583 2795 etcum
611 2727 824 2809 prohibuisset
852 2727 892 2792 ab
921 2726 969 2792 nis
999 2743 1126 2791 seruum
1155 2744 1263 2791 manu·

138 2847 231 2922 mitti,
253 2845 397 2927 permisit
418 2845 596 2913 libertatem
619 2845 689 2911 dari
711 2845 797 2911 iusto
818 2861 914 2912 causa
934 2844 1018 2926 apud
1041 2843 1261 2926 magistratum
1279 2841 1314 2894 20

137 2967 171 3031 in
201 2964 329 3032 consilio
358 2964 541 3045 adprobata.
592 2963 794 3046 dispiciamus
822 2970 927 3030 autem
955 2966 1090 3046 primum
1118 2963 1193 3046 quid
1222 2963 1264 3028 sit

138 3086 313 3158 consilium,
324 3090 357 3152 et
368 3085 413 3150 ita
424 3087 549 3152 demum
564 3085 665 3151 iustas
680 3103 791 3150 causas
806 3103 1005 3167 exponemus.
1029 3082 1202 3149 Consilium
1212 3088 1264 3146 est
1311 3069 1314 3076 ’

137 3207 302 3290 collegium
330 3207 527 3287 quorundam
553 3203 694 3271 uirorum
721 3210 807 3270 certo
834 3203 910 3269 anni
942 3210 1082 3286 tempore
1111 3200 1262 3268 constitu·

137 3333 216 3394 tum.
260 3324 437 3390 habebatur
458 3332 564 3390 autem
591 3322 624 3388 id
651 3322 813 3391 consilium
837 3341 903 3388 non
931 3323 1022 3388 modo
1050 3322 1185 3398 Romae,
1214 3329 1265 3396 set

138 3447 235 3512 etiam
256 3444 290 3510 in
316 3444 495 3527 prouinciis.
544 3443 752 3510 conueniebat
778 3449 882 3509 autom
911 3445 1054 3526 tempore
1080 3447 1261 3508 conuentus
1280 3449 1314 3500 ao

138 3569 172 3630 et
193 3562 271 3646 quid
298 3568 346 3628 est
373 3561 572 3628 conuentus?
600 3569 719 3629 certum
749 3567 872 3645 tempus
901 3562 942 3628 ad
968 3562 1040 3628 lites
1071 3560 1263 3628 dirimendas

138 3682 356 3750 constitutum.
380 3681 511 3746 Romani
533 3681 615 3748 enim
642 3699 712 3748 cum
742 3686 844 3747 totum
872 3679 937 3746 iere
959 3698 1074 3746 annum
1096 3679 1188 3747 bellis
1211 3701 1265 3764 ge·

137 3803 246 3868 rendis
280 3807 432 3877 tererent,
464 3807 551 3868 certo
584 3802 720 3888 quodam
748 3807 903 3883 tempore,
937 3801 1039 3867 hieme
1065 3807 1098 3868 et
1124 3803 1264 3868 hibernis
