3078 4882
585 389 817 456 -188-

136 572 206 638 deun
228 578 333 646 uentos
354 591 514 654 personas
526 575 729 656 substituere,
751 578 780 644 si
801 576 955 646 eiusmodi
976 576 1068 644 liberi
1088 578 1264 650 domabas

137 693 245 758 morbo
268 693 404 759 nondum
426 694 552 762 liberati
575 695 776 762 decesserint
818 697 846 762 si
868 703 973 763 autern
996 695 1197 778 resipuerint,
1219 698 1263 764 in·

135 812 254 878 firmari
276 811 369 880 Iussit
401 815 481 882 bano
509 817 775 883 substitutionem.
826 818 886 884 boo
915 837 992 884 nero
1019 819 1060 884 ad
1089 815 1264 900 exemplum

135 929 299 1030 pupillaris
322 933 556 1001 substitutionis
577 919 709 1016 inuenit,
731 955 811 1020 quae
833 943 999 1021 postquam
1030 935 1167 1026 pupillus
1189 935 1263 1003 ado·

96 1048 118 1098 2·
136 1045 251 1123 leuerit
276 1050 462 1118 infirmatur.
508 1053 537 1118 2.
572 1052 652 1119 Cum
678 1061 784 1121 autem
814 1055 978 1138 pupillaris
1005 1055 1264 1130 substitutione
1298 1067 1315 1118 o

136 1171 275 1240 cundum
306 1172 482 1260 praelatum
518 1173 644 1244 modum
677 1175 718 1240 sit
750 1175 910 1256 ordinata,
943 1175 1171 1259 quodammodo
1199 1175 1262 1244 duo

136 1297 213 1361 sunt
226 1296 425 1369 testamenta,
449 1291 582 1359 altarum
597 1294 706 1376 patris,
727 1295 758 1358 in
781 1311 843 1375 qno
858 1292 941 1360 filius
963 1293 1055 1360 beres
1077 1294 1262 1373 instituitur,

135 1409 271 1477 alterum
283 1409 346 1489 filii,
363 1411 395 1476 in
408 1428 470 1492 quo
486 1413 513 1476 ei
529 1411 656 1494 quidam
671 1413 876 1480 substituitur
890 1419 1039 1497 tunquam
1054 1413 1082 1480 si
1097 1415 1163 1496 ipse
1177 1412 1264 1484 lilius

135 1529 197 1595 sibi
220 1529 369 1596 heredem
391 1531 600 1615 instituisset3
633 1531 686 1598 uel
707 1532 829 1618 potins,
860 1534 907 1599 uti
934 1534 1041 1599 uerius
1070 1539 1134 1611 est,
1165 1550 1262 1598 unum

135 1649 263 1731 quidem
285 1655 334 1716 est
355 1655 595 1729 testamentum,
618 1652 681 1717 duo
703 1660 809 1718 autem
835 1653 1043 1731 hereditates,
1073 1670 1137 1718 una
1163 1652 1262 1740 patris
1283 1667 1315 1719 lo

135 1771 168 1833 in
191 1767 290 1833 filiurn
317 1768 448 1848 collata,
482 1769 584 1836 altera
616 1790 635 1837 a
663 1770 727 1837 fido
758 1773 789 1841 in
823 1771 1031 1838 substitutum
1063 1771 1261 1855 perueniens.

136 1906 351 1972 quaecumque
373 1889 456 1960 enim
479 1889 616 1984 pupillus
637 1908 658 1956 a
679 1897 770 1972 patre
791 1892 912 1973 accepit
934 1891 985 1956 uel
1007 1890 1076 1973 ipse
1094 1895 1168 1975 post
1182 1909 1263 1962 mor·

135 2013 201 2075 tem
223 2007 322 2088 patrIs
344 2008 502 2088 quaesiuit
523 2008 565 2075 ad
586 2008 793 2074 substitutum
816 2014 991 2076 transeunt
1037 2029 1133 2080 unum
1156 2015 1262 2078 autom

134 2144 205 2192 esse
228 2131 450 2198 testamentum
472 2127 546 2193 inde
567 2127 666 2210 liquet
688 2129 772 2209 quod
794 2125 856 2194 VH
885 2133 1007 2194 tantum
1021 2134 1132 2195 'testes
1159 2147 1261 2196 eroes·

135 2251 265 2319 sunium
288 2263 370 2324 nam,
393 2247 419 2311 si
442 2247 504 2311 duo
527 2253 632 2312 essent
654 2249 854 2333 testamenta,
875 2245 971 2312 XIIII
998 2249 1110 2314 adesse
1138 2252 1314 2330 oporte-15

93 2370 117 2422 3.
136 2371 195 2430 ret.
233 2365 264 2428 3.
294 2362 348 2429 Fit
369 2366 494 2447 saepius
516 2371 553 2430 ut
575 2365 630 2448 qui
652 2364 715 2431 filio
738 2385 796 2432 suo
818 2364 1014 2449 pupillarIter
1029 2364 1260 2444 substituerint,

136 2485 168 2549 in
191 2501 348 2550 summum
370 2485 479 2551 uonIat
508 2486 667 2566 tImorem,
697 2505 737 2551 ne
765 2487 819 2570 qni
841 2485 959 2569 pupillo
981 2485 1173 2550 substitutus
1203 2488 1261 2562 est,

135 2603 239 2672 sicubi
261 2605 364 2692 petris¹
385 2612 485 2672 morte
507 2625 577 2672 sese
599 2607 717 2689 pupillo
739 2609 864 2673 nouerit
879 2607 1098 2684 substitutum,
1120 2604 1261 2687 impube·

135 2724 181 2788 ris
211 2721 301 2792 uitae
327 2723 503 2792 Insidiator.
547 2725 684 2807 pupillus
711 2729 816 2790 autem
844 2728 893 2790 est
921 2730 1050 2806 propter
1078 2725 1149 2790 lene
1177 2729 1263 2789 aeta·

135 2843 178 2908 tis
200 2842 323 2908 insidiis
345 2844 512 2910 admodum
540 2845 701 2910 obnoxius.
746 2843 774 2908 si
804 2844 902 2925 igitur
928 2850 1021 2924 pater
1045 2844 1091 2908 ita
1117 2842 1263 2909 lormido·
1280 2861 1315 2914 au

134 2961 223 3028 losus
244 2963 424 3028 inueniatur
447 2970 479 3028 et
499 2962 558 3028 boo
573 2961 745 3044 periculum
761 2962 867 3045 cupiat
881 2963 992 3040 uitare,
1015 2961 1132 3028 herede
1147 2962 1263 3044 scripto

133 3079 265 3163 pupillo,
289 3082 451 3165 uulgarem
474 3082 681 3152 substitutum
703 3082 786 3148 illico
809 3087 880 3163 post
902 3081 1010 3163 pupilli
1032 3081 1262 3147 institutionem

133 3201 257 3282 absque
279 3201 391 3268 timore
413 3200 539 3274 subdat.
582 3201 632 3266 hio
654 3201 735 3270 enim
758 3200 898 3266 insidiari
921 3199 1039 3282 pupillo
1069 3199 1187 3281 nequit,
1210 3216 1263 3270 nu·

133 3342 199 3406 qua¹
225 3321 300 3387 uiuo
330 3327 438 3402 patre,
473 3321 659 3400 ignorantur
689 3319 770 3384 enirn
799 3326 874 3384 tunc
903 3337 984 3400 quae
1013 3317 1044 3381 iu
1072 3320 1262 3388 testamento

133 3446 211 3508 sunt
237 3441 369 3524 soripta,
404 3457 505 3520 neque
532 3443 656 3504 mortuo
686 3443 856 3517 testatore,
889 3455 962 3503 nam
995 3453 1067 3502 oum
1092 3434 1174 3502 filius
1197 3436 1261 3504 iarn
1280 3465 1314 3516 25

133 3561 218 3642 patri
252 3558 345 3626 beros
382 3558 426 3623 sit
458 3559 575 3636 laetus,
609 3557 734 3640 uulgari
764 3557 935 3623 substituto
957 3556 1059 3622 lorum
1092 3573 1154 3620 non
1189 3555 1261 3621 dat:

133 3699 226 3746 nemo
249 3678 332 3744 enim
355 3679 422 3744 sine
445 3696 500 3762 spe
522 3677 602 3743 lucri
625 3676 743 3760 pupillo
765 3676 896 3743 insidias
917 3675 1073 3742 molietur.
1096 3674 1175 3741 baec
1197 3673 1263 3756 qui·
