3038 4884
705 397 915 462 ...36-

255 589 318 650 τῶν
341 586 586 670 προςπορίζετοι,
608 588 701 652 τοῦτο
724 608 770 671 τῳ
798 585 936 673 δεσπότῃ
961 585 1164 670 προσγίνεται.
1209 587 1238 649 2.
1272 585 1376 672 Σηρε-
1394 603 1424 654 2.
1505 619 1506 626 1

201 689 371 778 ρονδὲ
400 687 535 772 ούδενίί)
564 687 744 773 ἀνθρώπων
773 688 831 752 ὑπὸ
862 689 917 774 τὴν
945 689 1107 774 ρωμαίκὴν
1128 688 1265 754 τελοῦντι
1284 689 1376 770 βασι-

255 790 372 873 λείανί)
409 789 513 864 ἔξεστι
545 789 614 877 δίχα
648 790 745 865 αἰτίας
786 791 890 875 νόμοις
917 788 1173 876 έγνωσρένης’
1153 792 1291 872 αναιρεῖν
1319 790 1375 852 τδν

1505 683 1506 723 ι

255 893 363 976 1310v³)
393 893 526 978 οἰκέτην,
558 892 628 956 ἀλλ’
597 892 732 959 λούδὲ
760 891 909 976 ἀμέτρως
937 891 1011 957 κατ’
1041 891 1141 959 αὐτοῦ
1164 892 1375 978 χαλεπαίνειν.

221 995 392 1070 ὅδιάταξις
414 996 474 1080 γὰρ
496 994 670 1059 Ἀντωνίνου
699 997 756 1060 τοῦ
783 990 992 1078 βασιλέως“
968 987 1068 1079 ω’ρισε
1095 997 1149 1058 τὸν
1178 993 1248 1082 δίχα
1278 995 1377 1070 αἰτίας

255 1097 386 1179 εύλόγου
408 1101 462 1162 τὸν
484 1097 560 1162 ἴδιον
582 1099 700 1183 οἰκέτην
722 1099 910 1184 ἀναιροῦντα
933 1097 1017 1162 ούτω
1041 1089 1298 1183 τιμωρεῖσθαι“
1265 1121 1375 1182 ωςπερ

255 1203 272 1264 ό
295 1201 454 1286 ἀλλότριον
476 1200 595 1288 οἰκέτην
618 1201 776 1286 φονεύσας
797 1201 1005 1282 κολάζεταά)
1030 1197 1159 1283 εὔλογος
1181 1199 1216 1263 δέ
1238 1200 1317 1265 ἐστιν
1333 1201 1376 1265 αἰ·

255 1305 301 1368 τία
324 1306 411 1392 ηνίκα
434 1326 476 1379 τις
505 1303 585 1392 ηὗρε
611 1306 665 1368 τδν
698 1301 777 1367 ἴδιον
805 1303 923 1390 οἰκέτην
952 1307 988 1389 τῇ
1015 1303 1127 1366 ἑαυτοῦ
1154 1302 1375 1388 μιγνύμενονί)

254 1432 373 1495 γαμετη
392 1407 410 1494 ἢ
428 1409 540 1496 χεῖρας
561 1406 698 1490 ἐπέβαλε
681 1406 837 1492 ετούτῳ,
861 1407 938 1470 όδὲ
961 1407 1132 1491 προλαβὼν
1155 1408 1236 1491 ξιφει
1266 1411 1376 1471 τοῦτον

206 1514 238 1566 10
257 1512 391 1575 ἀνεῖλεν
420 1510 579 1586 ἀκίνδυνος
610 1511 657 1574 ἐπὶ
686 1511 803 1574 τούτων
832 1510 895 1574 ἐστ’
873 1535 913 1574 ιν
942 1513 960 1574 ό
991 1510 1184 1596 φόνος.οά
1212 1510 1309 1592 μόνον
1339 1510 1376 1574 δὲ

254 1615 424 1702 ἐπέσχενό
451 1614 598 1697 βασιλευς
626 1615 680 1700 τὴν
709 1613 821 1696 ἄλογον
852 1617 913 1676 τῶν
940 1613 1067 1678 οἰκετῶν
1095 1613 1268 1700 ἀναίρεσιν,
1298 1613 1377 1676 ἀλλὰ

254 1717 345 1803 γὰρθ)
368 1717 416 1780 και
436 1719 491 1804 τὴν
515 1716 774 1800 ὑπερβάλλουσαν
797 1716 1003 1801 ἀγανάκτησιν
1033 1715 1146 1803 ἐπέσχε
1174 1719 1234 1779 τῶν
1262 1717 1376 1780 δεσπο-

256 1821 396 1903 τῶν7)έ
399 1818 475 1906 τέρᾳ
505 1819 642 1892 διατάξει
671 1819 705 1883 ἐκ
741 1821 936 1905 προφάσεως
969 1819 1113 1908 τοιαύτης
1144 1818 1287 1908 λαβούσῃ
1321 1819 1374 1904 την

256 1923 365 2010 ἀρχην.
409 1921 505 1987 11'11i6s
528 1946 571 1999 τις
592 1921 759 2006 Sab1n0s⁸)
781 1923 895 2048 τραχὺς
917 1923 955 2012 ην
986 1925 1062 1987 κατὰ
1088 1928 1152 1988 τῶν
1182 1923 1269 1987 ἰδίων
1298 1922 1376 1986 οἰκε-

205 2024 236 2075 15
255 2033 325 2091 τῶν.
370 2025 406 2089 ού
429 2024 582 2111 φέροντες
603 2024 688 2088 οὗτοι
711 2026 763 2111 τὴν
785 2027 921 2109 ἄμετρον
943 2026 1038 2090 αὐτοῦ
1066 2027 1185 2113 πικρίαν
1215 2027 1263 2090 καί
1286 2049 1375 2111 τιρω·

251 2129 373 2214 ρίονί),
396 2133 449 2192 τόν
435 2129 626 2213 νδεσπότην
649 2129 850 2203 ἀπολιπόντες
879 2132 987 2214 οἱμὲν
1010 2131 1054 2206 εἰς
1077 2129 1375 2215 σεβασμίουςκατέ-

255 2256 354 2318 φυγον
384 2231 494 2311 οἴκους,
524 2257 551 2294 οι
543 2231 610 2294 δὲ
640 2231 688 2294 ἐπὶ
710 2231 897 2317 ἀνδριάντας
924 2232 1160 2315 βασιλικούςῑθ).
1213 2232 1376 2318 προιόντος

254 2335 346 2401 Aeliu
368 2334 532 2400 Maroianu
553 2337 608 2397 τοῦ
630 2355 686 2419 της
709 2333 907 2422 έπαρχίας’
884 2357 1044 2460 αρχοντος,
1071 2335 1297 2401 ἐπεκαλέσαντο
1322 2335 1375 2421 τὴν

254 2438 347 2502 αὐτοῦ
369 2437 532 2525 βοηδειαν.
585 2437 697 2500 ύδὲ
645 2437 863 2524 ὲερωτησας,
893 2435 974 2520 έγνω
997 2441 1051 2526 την
1072 2439 1180 2528 τύχην,
1203 2437 1305 2523 ἔμαθε
1327 2441 1375 2501 καί

203 2542 285 2596 20
255 2565 308 2628 την
332 2534 429 2604 αἰτίαν
452 2561 506 2626 της
527 2541 670 2625 τοιαύτης
693 2540 939 2625 προσελεύσεως.
973 2541 1028 2605 οόκ
1051 2541 1130 2630 ἔχων
1152 2543 1189 2606 δὲ
1211 2542 1351 2627 νόμον
1321 2564 1374 2627 την

256 2645 397 2728 τοιαύτην
420 2641 624 2707 ύπόδεσιν’
589 2665 740 2723 τέμνοντα
763 2642 898 2710 έπύδετο
919 2644 1182 2726 βασιλέως11)’
1154 2670 1179 2708 τι
1209 2645 1275 2708 δέοι
1298 2649 1375 2728 πρᾶ

211 2746 316 2818 ·,ξαι
338 2746 437 2807 πάντα
460 2745 497 2807 τὰ
518 2745 669 2825 γεγονότα
692 2744 927 2832 διηγησάμενος.
973 2749 991 2809 ό
1012 2748 1161 2831 βασιλεὺς
1183 2750 1261 2831 πρὸς
1282 2749 1374 2811 τοῦτο

255 2845 388 2933 κινηδείς
410 2846 583 2929 προσέταξε
607 2848 651 2933 μὴ
669 2853 785 2935 χρῆναι
806 2855 973 2933 προπετῶς
992 2851 1139 2916 πιστεύειν
1162 2854 1224 2928 τοῖς
1246 2849 1376 2923 οἰκέταις

255 2949 381 3031 λέγουσι’
403 2973 428 3012 τι
451 2950 528 3011 κατὰ
548 2953 603 3012 τοῦ
626 2949 823 3035 δεσπότουῑί)
855 2952 1016 3037 (φύσει
982 2978 1042 3039 γαρ
1069 2957 1087 3018 ό
1114 2955 1226 3030 δοῦλος
1248 2956 1301 3016 τοῦ
1324 2952 1376 3016 δε-

203 3052 372 3116 2ὅσπότου
396 3051 570 3136 πολέμιος),
599 3051 676 3114 ἀλλὰ
704 3057 881 3137 συγκροτεῖν
909 3054 1136 3144 δικαστηριαῑί)
1164 3059 1213 3121 καί
1234 3055 1374 3137 διαγινώ·

254 3179 337 3221 σκειν
358 3155 396 3218 τὰ
416 3154 534 3240 μεταξὺ
555 3152 668 3216 αὐτῶν.
712 3157 760 3217 καί
786 3156 814 3218 εἰ
842 3166 926 3244 φανῇ
951 3159 1174 3246 ἀφόρητος
1137 3185 1219 3226 ουσα
1240 3165 1302 3223 τῶν
1324 3159 1376 3222 δε-

255 3263 377 3324 σποτῶν
399 3261 419 3344 ἡ
443 3259 658 3342 ἀγανάκτησις,
682 3256 817 3345 ἀνάγκην
840 3259 960 3333 έξουσιν
983 3263 1012 3326 οἱ
1034 3262 1183 3327 δεσπόται
1202 3262 1277 3338 τούς
1298 3262 1376 3325 οἰκέ-

255 3386 307 3439 τος
329 3362 406 3427 καθ’
429 3361 474 3425 ὧν
496 3359 580 3424 οὗτοι
600 3360 823 3447 χαλεπαίνουσι
850 3365 945 3449 καλῇ
971 3365 1126 3448 αίρέσει
1156 3366 1303 3451 πολησαι,
1327 3366 1376 3429 καί

255 3468 290 3529 τὸ
314 3469 428 3552 τὶρηρα
450 3463 581 3552 δοδῆναι
602 3466 667 3540 τοῖς
689 3464 853 3540 δεσπόταις
861 3466 907 3547 ι4).
951 3466 1002 3531 διὰ
1025 3459 1115 3532 τοῦτο
1138 3469 1174 3532 δὲ
1197 3466 1264 3531 εἰπε
1286 3467 1377 3552 καλῇ

323 3671 348 3740 1)
367 3673 421 3723 τῶν
439 3669 500 3724 add.
519 3671 547 3724 P.
650 3670 673 3736 ἵ)
691 3669 746 3722 τελ.
767 3669 818 3723 ύπδ
834 3690 862 3740 ρ.
879 3670 908 3736 β.
926 3671 956 3725 Ρ.
1065 3671 1200 3739 ³)d.L1.
1306 3670 1330 3736 ⁴)
1347 3669 1374 3722 d.

254 3756 288 3811 R.
390 3757 413 3824 ὅ)
432 3756 631 3823 συγγενόμενον
649 3757 682 3811 R.
785 3757 850 3822 6)(1.
869 3758 904 3812 R.
1007 3758 1030 3825 ⁷)
1047 3759 1076 3808 ἐν
1095 3757 1156 3812 add.
1175 3757 1207 3811 F.
1225 3757 1257 3812 R.
1275 3755 1375 3822 ἑτέρας

256 3839 406 3900 διατάξεως
422 3870 456 3882 -
474 3839 612 3911 λαβούσης
630 3841 660 3896 P.
762 3841 786 3909 8)
803 3842 843 3896 ita
862 3842 956 3897 scribit
972 3843 1023 3900 Ll.
1053 3842 1117 3897 hinc
1133 3857 1218 3910 usque
1236 3842 1271 3895 ad
1290 3844 1314 3902 1,
1333 3843 1374 3894 10.

257 3923 381 3980 ldeficit
396 3926 455 3979 L1:
473 3924 522 3980 11².
541 3926 666 3994 grauiore
689 3926 778 3981 adhuc
800 3927 897 3982 lacuna
919 3928 1032 3983 laborat.
1068 3927 1130 3984 ideo
1153 3944 1223 3998 quae
1246 3930 1375 3982 secuntur

255 4010 290 4066 ad
307 4010 337 4066 P.
356 4011 523 4080 potissimum
540 4011 730 4066 recensuimuS.
865 4012 932 4077 9)ι1.
951 4013 980 4066 P.
998 4013 1030 4068 R.
1169 4014 1204 4080 10)
1223 4011 1267 4063 καὶ
1288 4011 1323 4078 ο).
1339 4009 1373 4064 R.

256 4100 292 4166 11)
309 4099 347 4152 F:
363 4102 403 4170 τῷ
420 4098 531 4165 βασιλεῖ
546 4098 576 4152 P.
593 4096 710 4164 βασιλέα
727 4096 759 4151 R.
862 4098 897 4165 l²)
915 4102 970 4150 τῶν
990 4099 1128 4153 δεσποτῶν
1146 4098 1180 4152 R.
1248 4097 1284 4164 1³)
1303 4097 1374 4148 δικα-

256 4183 324 4253 στὴν
342 4181 384 4246 R,
403 4182 449 4251 qui
466 4182 640 4252 δικαστήριον
658 4180 769 4235 mauult.
813 4183 850 4249 1⁴)
867 4183 924 4242 ταῖς
942 4183 1086 4243 δεσπόταις
1104 4183 1259 4253 δεδήσεται
1277 4182 1321 4237 vi.
1339 4181 1373 4236 R.
