3096 4890
622 401 835 464 ...22-

158 586 258 654 aionis
288 586 402 653 seruit:
435 587 613 670 »legions«
639 605 715 654 uero
737 587 813 670 qnia
832 591 946 656 natura
968 603 1080 652 seruos
1103 603 1166 654 non
1189 585 1288 664 nouit,

159 707 300 773 seruitus
322 710 405 773 enim
427 728 465 775 ex
486 707 640 774 bellorum
661 707 842 773 inuentione
864 706 1041 772 introducta
1068 711 1128 772 est.
1180 721 1289 772 manu·

159 823 269 890 missio
291 825 375 907 apud
398 827 553 891 Romanos
575 825 699 904 dieitur,
723 842 816 905 quarn
838 823 943 906 graeci
957 821 1146 906 ἐλευθερίαν
1162 831 1286 890 uocant

160 943 291 1026 etquid
313 951 362 1010 est
384 945 607 1011 manumissio?
628 945 715 1011 datio
737 945 902 1011 libertatis.
946 949 979 1011 et
1000 945 1151 1027 quamdiu
1173 944 1288 1028 aliquis

158 1064 192 1128 in
213 1063 371 1130 seruitute
392 1071 442 1129 est
469 1063 659 1130 constitutus
688 1063 794 1128 manui
822 1069 855 1128 et
880 1062 1030 1146 potestati
1060 1072 1186 1133 nostrae
1215 1063 1288 1128 sub·
1321 1061 1345 1111 ὅ

158 1180 270 1262 icitur,
304 1190 338 1247 et
361 1183 572 1248 manumissus
600 1188 757 1264 potestate
789 1181 951 1248 liberatur.
1007 1199 1091 1263 quae
1123 1181 1291 1247 manumiss

159 1301 207 1366 sio
243 1321 283 1378 eu
311 1302 382 1380 iure
408 1303 548 1384 gentium
575 1302 728 1384 originem
757 1301 905 1383 sumpsit,
942 1308 1051 1383 utpote
1092 1319 1162 1367 eum
1197 1305 1287 1366 natu·

158 1418 218 1484 ruli
242 1421 311 1484 iure
333 1436 439 1487 omnes
466 1421 555 1487 liberi
582 1427 803 1500 nascerentur,
834 1438 935 1503 neque
962 1427 1046 1487 esset
1078 1427 1152 1486 notu
1181 1439 1287 1486 manu·

140 1517 282 1617 missio,
321 1557 391 1604 curn
424 1541 561 1606 seruitus
594 1547 678 1606 esset
704 1539 874 1622 incognita.
923 1548 972 1606 set
999 1545 1207 1625 posteaquam
1236 1542 1285 1606 ius
1341 1523 1344 1534 ⁸

159 1658 304 1738 gentium
330 1659 515 1726 seruitutem
536 1661 719 1738 introduxit,
742 1659 890 1726 beneficio
918 1677 1042 1743 qunque
1069 1637 1285 1724 manumissio·
1305 1662 1342 1713 10
1435 1657 1438 1664 ’

155 1778 211 1842 nis
234 1795 314 1859 opus
336 1795 405 1844 esse
427 1776 530 1843 uisum
552 1785 609 1844 est.
644 1786 677 1844 et
702 1798 772 1846 enm
795 1786 909 1844 natura
930 1799 1026 1844 unum
1048 1781 1140 1846 nobis
1162 1798 1284 1858 nornen,

160 1895 245 1963 idest
265 1897 413 1975 hominis,
436 1897 633 1977 praebuerit,
664 1915 771 1964 omnes
800 1891 882 1962 enim
910 1896 1052 1968 homines
1080 1899 1285 1980 appellamur,
1360 1949 1368 1958 .

160 2016 212 2080 ius
234 2017 375 2098 gentium
396 2017 459 2082 tria
479 2035 549 2082 esse
570 2017 730 2083 bominum
752 2036 869 2099 genera
895 2018 1075 2097 eonstituit3
1105 2025 1179 2084 sunt
1201 2017 1283 2084 enim
1341 2027 1344 2032 '

160 2134 254 2201 liberi
269 2137 370 2215 etqui
387 2135 436 2200 his
447 2142 649 2219 opponuntur
664 2137 758 2216 serui,
771 2144 804 2203 et
816 2137 944 2203 tertium
955 2155 1055 2218 genus
1071 2136 1218 2217 libertini,
1230 2137 1285 2218 qni

161 2252 248 2320 serui
270 2273 339 2320 esse
360 2254 532 2322 desierunt.
560 2255 693 2322 diximus
714 2256 879 2331 bominum¹
898 2255 1048 2339 quosdam
1064 2275 1173 2322 seruos
1195 2273 1285 2336 qnos·
1304 2262 1341 2314 lb

162 2374 235 2438 dam
258 2372 373 2441 liberos
396 2391 479 2450 esse,
501 2379 597 2455 atque
625 2375 810 2440 seruitutem
833 2373 959 2457 quidem
981 2373 1175 2441 indiuiduam
1205 2392 1283 2452 esse,

159 2493 339 2564 libertatem
361 2512 438 2560 uero
460 2494 494 2559 in
516 2493 595 2560 duas
617 2495 737 2578 speeies
759 2494 880 2572 deduci,
902 2492 935 2560 in
956 2493 1110 2576 ingenuos
1131 2497 1228 2576 atque
1249 2493 1285 2560 li·

160 2613 313 2686 bertinos.
356 2611 536 2696 ingenuitas
558 2629 682 2694 quoqne
708 2619 758 2680 est
785 2611 968 2690 indiuidua,
998 2625 1069 2678 cum
1099 2630 1156 2680 neo
1184 2611 1284 2694 magis

160 2751 220 2800 nee
241 2729 345 2797 minus
366 2733 398 2798 in
420 2738 520 2798 semet
540 2731 682 2813 recipiat
704 2729 906 2814 dispiciamus
927 2735 1033 2796 antem
1056 2729 1096 2795 do
1116 2726 1285 2808 libertinis,

161 2861 297 2937 qnorum
324 2850 463 2916 condicio
484 2849 578 2916 hodie
604 2849 730 2932 quidem
748 2855 808 2916 'est
836 2847 1016 2924 indiuidua,
1041 2847 1116 2914 olim
1145 2866 1222 2913 uero
1250 2849 1283 2914 in
1300 2864 1339 2916 ao

159 2969 225 3034 tria
247 2969 470 3048 deducebatur,
493 2969 587 3034 sicuti
608 2967 739 3036 iniurius
761 2986 980 3051 proponemus.
1003 2957 1189 3042 definiamus
1204 2984 1281 3032 uero

116 3107 140 3158 1.
158 3095 235 3156 ante
257 3088 362 3154 omnia
382 3089 527 3170 quisnam
549 3091 592 3154 sit
612 3089 753 3155 libertus.
778 3091 807 3150 1.
830 3088 939 3154 Multis
961 3094 1068 3154 autem
1096 3085 1197 3153 modis
1219 3103 1284 3149 ma·

159 3209 313 3275 numissio
334 3209 486 3291 procedit,
508 3217 565 3275 ant
587 3209 669 3274 enim
691 3228 730 3274 ex
751 3208 854 3275 saeris.
875 3206 1150 3292 constitutionibus
1179 3206 1212 3269 in
1234 3221 1283 3268 sa·

157 3330 331 3396 orosanotis
353 3328 491 3396 ecclesiis
513 3327 734 3394 manumittere
748 3343 923 3409 possumus,
944 3329 1003 3391 aut
1016 3322 1102 3406 apud
1118 3321 1283 3404 magistra·

158 3456 243 3530 tum,
265 3448 349 3514 idest
377 3448 516 3514 uindicta
546 3446 649 3530 (euius
677 3446 810 3518 nominis
831 3445 985 3511 rationum
1007 3442 1196 3524 discemus),
1224 3446 1282 3507 ant
1298 3455 1335 3508 aa

157 3568 242 3633 inter
278 3568 394 3634 amicos
434 3572 492 3632 ant
526 3585 584 3648 per
619 3564 786 3648 epistulam
815 3571 872 3631 ant
906 3569 1094 3632 testamento
1135 3565 1192 3627 aut
1226 3576 1283 3641 per
