3096 4890
271 612 331 716 O.
368 614 432 715 ll.
469 613 758 716 Zachariae
794 647 826 716 a
861 615 1185 749 Lingenthal

510 819 727 906 Contardo
759 823 950 926 Feminio

699 1005 751 1109 S.

196 1251 389 1351 θεοφίλου
421 1250 722 1352 ἀντικήνσωρος
749 1249 997 1354 Ἰνστιτοῦτα,
1018 1286 1115 1359 quae
1141 1275 1335 1360 uocantur,

110 1395 238 1470 denuo
262 1394 395 1470 edendi
422 1396 522 1494 quod
548 1397 681 1498 cepisti
706 1397 914 1494 consilium,
941 1397 981 1471 id
999 1397 1093 1472 mihi
1112 1398 1222 1473 valde
1248 1425 1334 1500 pro-

110 1533 233 1606 batur.
269 1532 405 1606 Reitzii
432 1532 558 1629 editio,
586 1533 675 1607 licet
691 1532 1030 1635 famigeratissima,
1059 1537 1253 1634 antiquata
1277 1547 1334 1610 ta·

109 1695 200 1743 men
227 1681 300 1764 est,
330 1681 366 1743 et
401 1669 635 1770 praefatione
657 1672 778 1770 magis
805 1697 951 1747 necnon
979 1699 1204 1748 excursuum
1234 1671 1333 1747 mole

111 1807 325 1906 conspicua,
354 1832 467 1905 quam
493 1819 600 1881 textu
628 1807 677 1881 ad
702 1806 816 1881 fidem
841 1807 1010 1883 codicum
1037 1835 1151 1883 manu
1178 1809 1332 1908 scripto-

109 1969 195 2016 rum
223 1943 415 2042 castigate,
442 1941 536 2016 adeo
554 1955 662 2016 utne
680 1943 751 2016 hoc
778 1943 929 2042 quidem
955 1945 1043 2019 inde
1065 1956 1256 2045 appareat,
1283 1968 1332 2017 an

113 2077 317 2178 Theophili
342 2103 478 2152 nomen
511 2078 616 2178 operi
642 2079 681 2154 in
714 2080 902 2156 codicibus
931 2083 980 2156 sit
1006 2082 1237 2184 inscriptum.
1277 2079 1331 2155 Te

111 2240 199 2289 vero
232 2215 543 2315 praestantiorem
569 2214 738 2289 codicum
766 2216 963 2293 collatione
993 2217 1217 2291 instructum
1248 2241 1331 2291 esse

110 2351 217 2427 novi:
249 2349 335 2426 Tibi
361 2351 410 2425 ad
436 2379 569 2426 manus
597 2365 653 2427 est
682 2351 814 2449 Gaius,
842 2353 902 2426 cui
928 2378 1080 2452 graecas
1106 2351 1192 2426 illas
1219 2351 1331 2426 Insti-

110 2489 275 2562 tutiones
303 2513 518 2588 comparare
545 2489 685 2588 possis:
713 2485 799 2562 Tibi
827 2488 988 2587 denique
1014 2514 1089 2563 non
1116 2501 1202 2562 sunt
1228 2487 1330 2561 inco-

107 2624 237 2724 gnitae
263 2623 512 2698 recentiorum
540 2623 734 2698 doctorum
755 2623 1035 2723 disquisitiones
1063 2622 1109 2699 de
1126 2621 1328 2719 Indioibus,

108 2761 241 2860 quales
269 2759 468 2835 Iustiniani
495 2759 726 2860 temporibus
754 2759 841 2834 lctis
871 2759 1103 2836 conscribere
1129 2785 1209 2834 mos
1238 2770 1328 2853 erat,

112 2912 155 2972 ut
193 2897 240 2973 de
271 2911 405 2972 natura
435 2910 549 2996 atque
578 2895 706 2970 indole
737 2923 893 2996 graecae
932 2897 1171 2998 paraphrasis
1202 2896 1327 2997 aptius

108 3036 231 3135 possis
258 3033 439 3108 iudicium
457 3031 636 3134 proferre,
656 3058 769 3131 quam
788 3032 932 3109 Reitaio
960 3046 997 3109 et
1015 3033 1181 3134 Degenio
1208 3031 1326 3108 licuit.

261 3169 381 3270 Igitur
406 3215 457 3227 -
483 3181 526 3243 ut
554 3195 638 3242 cum
665 3169 823 3270 Virgilio
851 3169 985 3269 loquar
1009 3216 1059 3227 —

415 3305 562 3406 Rumpe
588 3303 728 3384 moras!

184 3442 334 3517 Novam
368 3441 570 3517 editionem
604 3453 803 3541 expectant
835 3441 1060 3539 quicumque
1088 3437 1325 3539 elegantioris

105 3579 420 3680 iurisprudentiae
446 3580 607 3654 cultores
635 3576 736 3653 suntl

183 3714 331 3790 Dabam
360 3716 401 3790 in
431 3715 524 3790 villa
555 3713 852 3790 Grosskmehlen
887 3712 1009 3815 pridie
1043 3711 1222 3787 kalendas
1255 3707 1325 3786 Fe-

105 3851 273 3926 bruarias
302 3877 400 3942 anno
426 3849 815 3926 MDOOOLXXXIV.

611 4123 815 4136 ἡ
