3038 4884
705 402 916 465 ..64-

256 589 294 672 τῇ
316 585 449 675 διαθήκη
473 587 686 673 γεγραμμένα,
710 589 790 663 ὥςτε
819 585 873 651 οὖν
900 585 1157 669 καταλιμάνουσιν
1185 585 1213 648 οί
1241 584 1375 670 πατέρες

258 689 355 754 παισίν
378 688 570 764 ύπεξουσίοις
597 690 727 777 ἀνήβοις
748 688 934 775 ἐπιτρόπους
942 689 967 770 ¹)
991 693 1024 751 ἐν
1047 685 1181 774 διαθήκη
1204 689 1296 750 τοῦτο
1316 687 1374 771 μὲν
1494 677 1497 720 ³

257 791 370 877 ἄρρεσι
396 794 486 854 τοῦτο
514 792 550 856 δὲ
581 791 728 879 θηλείαις.
765 792 899 875 ἐκγόνοις
934 791 970 856 δὲ
997 790 1077 873 καθ’)
1106 790 1245 873 ἐιγόναις
1269 789 1374 871 τότεῧ)
1496 801 1498 841 ἰ

257 893 389 957 δυνατὸν
413 893 655 980 καταλιμπάνειν,
671 894 758 982 ήνίκα
776 895 857 980 μετὰ
872 895 925 982 τήν
947 897 1001 958 τοῦ
1024 896 1149 958 πάππου
1172 893 1317 980 τελευτήν
1339 893 1375 957 οὐ

223 995 417 1081 σμέλλουσιν
440 994 524 1062 οὗτοι
552 997 748 1081 μεταπίπτειν
777 999 821 1076 εἷς
848 999 903 1086 τήν
934 1000 988 1063 τοῦ
1016 995 1129 1060 οἰκείου
1159 997 1277 1082 πατρὸς
1299 992 1377 1062 θπε-
1497 1043 1499 1082 ,

258 1097 451 1185 ξουσιότητα.
488 1101 568 1175 ὥςτε
590 1097 643 1164 ούν
667 1099 721 1164 ἐάν
745 1121 788 1176 τις
810 1097 865 1190 ἔγη
889 1101 953 1164 υίὸν
978 1098 1160 1172 ὓπεξούσιον
1184 1101 1231 1162 καί
1252 1099 1289 1162 ἐκ
1310 1099 1377 1164 τού·
1499 1173 1500 1182 ¹

227 1239 229 1244 .
256 1223 311 1264 του
331 1197 465 1280 ἔκγονον,
489 1201 656 1289 καταλείῴη
673 1201 709 1267 δέ
722 1205 770 1288 τῷ
792 1202 909 1288 ἐκγόνῳ
936 1203 1100 1287 ἐπίτροπον
1123 1201 1156 1264 ἐν
1178 1200 1325 1288 διαθήκη,
1350 1201 1378 1266 εί
1498 1197 1500 1204 ⁴

255 1301 312 1386 μὲν
335 1301 367 1366 ἐν
390 1307 437 1388 τῷ
456 1307 560 1389 καιρῷ
581 1309 636 1391 τῆς
658 1307 712 1368 τοῦ
735 1303 922 1388 διαθεμένου
954 1306 1099 1392 τελευιής
1125 1305 1142 1367 ό
1169 1303 1266 1386 μέσος
1296 1301 1378 1388 ἐμει-
1497 1316 1500 1322 ’

258 1425 308 1468 νεν
330 1403 362 1468 ἐν
385 1407 422 1490 τῇ
444 1404 684 1494 ύπεξουσιότητι,
708 1409 736 1470 οί
758 1405 875 1488 ἔκγονοι
897 1407 953 1470 υδιι
976 1404 1293 1494 ἐπιτροπεοθήσονται
1316 1406 1377 1470 ὑπὸ
1500 1405 1501 1408 ’

209 1522 240 1573 10
257 1507 311 1568 τοῦ
333 1507 574 1576 testamentariu
597 1509 773 1594 ἐπιτρόπου.
819 1510 996 1584 ύπεξούσιοι
1026 1510 1087 1595 γὰρ
1116 1508 1267 1593 γινόμενοι
1294 1509 1379 1591 μετὰ
1501 1527 1502 1536 ’

258 1611 311 1696 τήν
333 1611 478 1697 τελευτήν
500 1613 554 1674 τοῦ
578 1615 702 1676 πάππου
710 1613 735 1694 ⁴)
760 1616 806 1699 τῷ
829 1614 929 1698 οἰκείῳ
958 1614 1049 1700 πατρὶ
1070 1612 1172 1676 οὐδενὶ
1202 1611 1285 1696 λόγῳ
1314 1612 1378 1676 ἐπι·
1501 1681 1502 1684 ¹

258 1711 532 1798 τροπευθήσονται.
577 1713 695 1802 είρηται
717 1716 778 1802 γὰρ
800 1716 961 1801 ἀλλότριον
990 1715 1153 1780 εἶναιτῶν
1181 1715 1378 1788 ύπεξουσίων
1502 1801 1503 1804 ¹

257 1815 293 1876 τδ
316 1812 579 1897 ἐπιτροπεύεσθαι.
603 1817 630 1879 ελ
651 1816 687 1879 δὲ
709 1817 826 1906 συνέβη
854 1820 889 1882 τὸ
918 1818 1015 1901 μέσον
1045 1819 1213 1903 πρόσωπον
1241 1819 1378 1906 εὑρεθῆ-

260 1937 308 1979 ναι
328 1914 405 1980 κατὰ
413 1916 437 1997 ⁵)
459 1918 514 1978 τὸν
535 1921 640 1999 καιρὸν
664 1925 718 2006 τῆς
739 1921 885 2008 τελευτῆς
906 1919 1123 2000 αδτεξούσιον,
1150 1921 1238 2000 τότε,
1268 1921 1378 2008 ἐπειδή

211 2018 276 2080 15ό
299 2021 353 2082 τοῦ
376 2020 500 2111 πάππου
524 2018 660 2097 θάνατος
689 2024 741 2086 τόν
771 2021 895 2105 ἔκγονον
924 2023 1124 2097 αὐτεξούσιον
1153 2025 1379 2096 ἀποδείκνυσιν,

258 2123 279 2208 ἡ
302 2122 389 2198 δόσις
410 2121 546 2207 ἔρρωται
568 2129 623 2210 τῆς
645 2125 812 2213 ἐπιτροπῆς
833 2127 879 2203 είς
902 2127 1102 2200 αύτεξουσίου
1125 2127 1295 2209 πρόσωπον
1317 2128 1380 2190 λοι·
1500 2189 1501 2194 ,

260 2226 317 2290 πὸν
347 2226 541 2308 προϊούσαύ)
585 2229 615 2292 4.
649 2229 707 2294 Καὶ
735 2231 781 2292 ότι
808 2229 865 2312 μὲν
897 2233 958 2305 τοῖς
988 2229 1021 2294 ἐν
1051 2229 1141 2315 φύσει
1171 2231 1254 2293 παισί
1283 2229 1379 2294 δυνά·
1395 2228 1418 2277 4.
1500 2203 1502 2250 ί

257 2326 344 2412 μεθα
376 2328 613 2412 καταλιμπάνειν
644 2331 807 2415 ἐπίτροπον
840 2333 1010 2418 πρόδηλον.
1065 2331 1131 2417 ἄρα
1163 2331 1198 2395 δὲ
1231 2333 1279 2395 ιαλ
1312 2333 1379 2407 τοῖς

259 2430 450 2513 postfimois3
472 2433 631 2516 postfimoi
654 2434 690 2498 δέ
713 2435 787 2499 εἰσιν
810 2437 838 2498 οί
856 2435 937 2520 μετὰ
960 2437 1013 2523 τήν
1035 2435 1192 2522 ἡμετέραν
1207 2435 1379 2518 τικτόμενοι
1503 2441 1504 2450 ’

209 2555 243 2606 20
259 2535 413 2622 τελευτήν.
457 2538 506 2599 καί
528 2535 657 2619 λέγομεν
679 2539 725 2601 ότι
747 2539 793 2601 καί
816 2541 904 2615 πάνυ,
929 2537 1100 2626 ἐπειδήπερ
1123 2536 1156 2600 ἐν
1179 2537 1302 2612 πολλοῖς
1324 2533 1379 2599 θέ·

258 2660 349 2720 μασιν
372 2639 438 2702 ἀντὶ
460 2645 521 2702 τῶν
543 2640 604 2728 ήδη
626 2639 799 2728 τεχθένιων
822 2640 1131 2725 παραλαμβάνονται.
1173 2639 1243 2703 τότε
1266 2638 1302 2702 δὲ
1322 2662 1380 2702 κα-

261 2745 323 2815 λῶς
344 2746 407 2814 τοῖς
429 2741 604 2825 postfimois
632 2744 792 2829 ἐπίτροποι
821 2744 973 2824 δίδονται,
1002 2745 1090 2831 ήνίιια
1118 2741 1280 2830 ήμελλονῗ)
1312 2737 1379 2821 εἴγε

263 2843 387 2916 ζώντων
410 2846 498 2932 ήμῶν
520 2845 723 2934 ἐτέγθησανθ)
754 2847 964 2929 ύπεξυύσιοιθ)
993 2850 1063 2935 ήμῖν
1086 2846 1164 2911 εἶναι
1186 2841 1243 2930 ὑφ’
1266 2843 1380 2924 ἑτέρου
1505 2847 1507 2956 )

182 2950 193 3004 ÷
260 2945 303 3032 μή
316 2946 660 3032 προλαμβανόμενοιῐθ),
671 2941 735 3025 ότις
748 2951 796 3014 καὶ
810 2950 931 3033 λέγεται
944 2949 1026 3017 εύοε.
1036 2951 1073 3030 ¹¹)
1096 2953 1124 3015 5.
1143 2949 1179 3012 Εἰ
1192 2949 1228 3012 δὲ
1243 2945 1381 3012 emanci-
1397 2957 1421 3007 ὅ.
1506 2959 1507 3012 1

210 3066 243 3117 25
262 3047 347 3132 μύλῳ
379 3047 462 3111 παιδί
488 3050 655 3138 καταλείῲη
683 3051 784 3136 πατὴρ
813 3049 1079 3116 λεείιιυιευίύιίοιι
1105 3049 1285 3135 ἐπίτροπον,
1322 3046 1383 3108 οὐκ

263 3150 399 3236 ἔρρωται
418 3151 476 3236 μὲν
498 3153 517 3236 ι)
540 3151 626 3226 δόσις
648 3152 724 3215 κατὰ
744 3153 798 3238 τήν
821 3152 971 3238 πολιτικήν
1004 3151 1164 3235 ἀκρίβειαν
1186 3149 1238 3213 διὰ
1265 3153 1300 3210 τὸ
1330 3149 1382 3212 λε-

262 3252 370 3340 λέγθαι
397 3253 590 3330 ύττεξουσίοις
618 3254 767 3338 μόνοιςη)
797 3253 1055 3320 testamentarius
1085 3254 1270 3338 ἐπιτρόπους
1297 3251 1382 3316 δίδο-

264 3356 347 3421 σθαι.
392 3359 409 3419 ό
432 3357 466 3419 δὲ
488 3357 627 3440 μταέίωι
647 3357 715 3444 ήτοι
736 3360 754 3421 ό
777 3358 882 3446 ἄρχων
906 3361 961 3445 τήν
977 3359 1031 3421 τοῦ
1047 3359 1286 3444 τελευτήσαντος
1300 3357 1382 3437 γνώ-

261 3481 323 3546 μην
346 3459 533 3544 ἀναπληρῶν
554 3460 609 3545 τήν
631 3460 772 3546 τοιαύτην
795 3458 1031 3526 confirmatel'lei
1054 3458 1139 3522 δόσιν
1161 3459 1229 3523 sine
1249 3457 1382 3540 inquisi-

212 3573 246 3625 30
263 3561 349 3626 tione
377 3561 528 3624 τουτέστιν
555 3560 611 3624 οὐκ
639 3561 827 3648 ἐπιζητήσας
854 3561 986 3646 πότερον
1015 3557 1151 3644 εύπορος
1176 3557 1197 3645 ᾖ
1224 3559 1288 3647 ήλθ)
1316 3563 1381 3622 τῶν

332 3750 353 3816 1)
371 3765 473 3801 -οπον
492 3747 522 3800 F.
541 3747 572 3801 R.
697 3746 720 3812 θ)
738 3746 827 3799 δὲκαὶ
846 3746 872 3802 d.
891 3746 918 3799 P.
1045 3746 1067 3814 θ)
1086 3746 1117 3798 δὲ
1135 3743 1196 3799 add.
1214 3744 1253 3806 P.‚
1271 3743 1316 3812 qui
1334 3743 1380 3794 δυ’-

265 3852 341 3889 νατιιι
361 3832 379 3888 l.
530 3835 554 3898 ⁴)
575 3832 645 3896 μετὰ
668 3834 716 3902 τὴν
742 3853 763 3888 τ.
787 3852 813 3886 π.
838 3833 890 3885 τελ.
917 3833 948 3886 F.
972 3831 1007 3889 R.
1159 3831 1182 3899 ⁵)
1206 3829 1277 3893 μετὰ
1299 3829 1328 3882 P.
1347 3827 1380 3882 R.

263 3923 287 3987 ⁶)
306 3920 344 3979 εἰς
361 3917 534 3977 αὐτεξούσιον
552 3920 689 3986 προϊοῦσα
708 3917 749 3971 vi.
766 3917 799 3972 R.
851 3917 874 3984 ⁷)
891 3917 971 3970 -λεν
990 3916 1039 3970 Ll.
1058 3915 1107 3970 m.
1126 3914 1176 3969 F2.
1237 3915 1260 3981 8)
1277 3929 1379 3984 -ησεν

264 4003 619 4077 F1.-20qL1.L².F².
720 4003 1019 4074 ⁹)-20312k1121v,
1127 4002 1162 4065 10)
1180 4017 1244 4060 -ος
1262 3999 1311 4054 Ll.
1331 3997 1380 4051 12².

265 4095 295 4148 F.
398 4095 433 4160 11)
451 4089 548 4151 οἵτινες
565 4089 607 4142 καί
624 4090 752 4157 λέγονται
771 4092 844 4141 συῡαι
862 4088 896 4143 R.
998 4087 1034 4155 1ἐ)
1053 4087 1096 4143 ὑπ.
1111 4086 1183 4150 ιαΡ.
1285 4083 1321 4149 1³)
1337 4082 1381 4135 καλ
