2990 4884
563 378 776 442 ...89-

110 570 203 630 ιιιιι
226 569 353 630 curator
374 564 442 630 loco
465 563 659 630 eius'datur.
698 564 753 647 qui
775 564 803 630 si
825 582 971 632 reuersus
993 565 1089 634 luerit
1109 566 1237 650 a'pcrc·

112 684 301 762 grimtione,
324 682 631 766 quam=reipublicae
654 701 749 750 causa
773 685 924 767 suscepit,
955 687 1061 750 atatim
1088 703 1166 752 onus
1188 692 1238 752 tu·

113 803 201 867 telae
224 802 354 884 recipiet
375 822 477 885 neque
499 803 572 868 anni
593 803 722 868 habebit
743 805 957 878 uacationem,
985 814 1021 870 ut
1042 811 1074 872 et
1096 805 1239 888 Papinia-

112 941 175 989 nus
196 921 279 988 libro
303 915 349 984 V⁰
370 940 592 1002 responsorum
616 923 733 990 scribit.
762 923 837 989 anni
860 924 942 989 enim
964 924 1101 1006 spatium
1124 925 1161 989 iis
1184 926 1239 991 da·

111 1050 167 1120 tur
189 1043 243 1123 qui
273 1061 292 1105 a
319 1041 575 1124 peregrinatione
603 1042 794 1123 reipublicae
824 1060 920 1110 causa
945 1050 1092 1128 suscepta
1119 1048 1239 1112 reuersi
1273 1049 1291 1100 ⁵

112 1159 156 1226 ad
178 1179 291 1226 nouam
314 1161 446 1226 tutelam
468 1167 630 1228 nocentur.
668 1162 774 1244 itaque
797 1164 915 1228 sicum
939 1169 1025 1230 tator
1047 1182 1157 1242 essem,
1180 1167 1240 1232 rei-

114 1279 260 1359 publicae
282 1298 378 1352 causa
400 1282 512 1350 abesse
535 1296 676 1361 coepero.
699 1280 809 1347 desino
831 1283 956 1362 quidem
979 1287 1066 1348 tutor
1087 1300 1172 1349 esse:
1194 1301 1240 1347 re·

113 1419 230 1466 uersus
253 1405 358 1466 autem
391 1403 497 1468 statim
526 1403 827 1498 administrationem
856 1403 1015 1483 suscipere
1043 1417 1146 1482 cogor.
1190 1399 1239 1464 sin
1295 1485 1300 1494 ι

123 1526 230 1585 autem
252 1537 323 1586 cum
345 1527 432 1586 tutor
453 1541 515 1588 non
538 1541 638 1588 essem
659 1521 850 1602 reipublicae
864 1538 959 1597 causa
973 1521 1084 1585 abesse
1099 1537 1239 1601 coepero,

114 1640 230 1706 deinde
253 1659 402 1706 reuersus
424 1642 526 1719 fuero,
542 1648 614 1722 post
628 1642 764 1706 reditum
787 1621 947 1728 autemad
962 1639 1095 1706 tutelam
1108 1644 1239 1705 uocatus
1259 1653 1292 1704 10

111 1762 213 1835 fuero,
230 1764 266 1824 ιι
284 1767 364 1842 puta
384 1762 415 1824 in
431 1764 532 1842 primo
546 1779 662 1835 meuse,
677 1778 771 1843 quam
787 1779 934 1828 reuersus
949 1762 1018 1838 sim,
1032 1766 1088 1826 ιιι
1103 1756 1169 1824 v10
1183 1765 1240 1823 aut

113 1878 172 1942 X⁰
193 1857 257 1945 ¹aut
286 1879 366 1944 llll⁰
388 1887 421 1946 et
443 1882 475 1944 in
496 1899 620 1974 summa
639 1886 806 1962 antequam
823 1897 922 1946 eunus
938 1879 1108 1960 expleatur,
1131 1883 1240 1960 potero

67 2011 96 2060 3.
116 2000 270 2066 excusari.
316 2001 345 2064 3.
379 2002 421 2066 Et
442 2003 497 2082 qui
526 2008 712 2084 potestatem
742 2001 890 2081 aliquam-
906 2000 1016 2072 babet,
1042 1999 1240 2064 excusatione

114 2117 167 2182 uti
187 2125 301 2200 potest,
325 2119 407 2185 sicut
429 2121 517 2186 iubet
543 2121 610 2186 diui
633 2122 730 2188 Marci
753 2122 954 2201 rescriptum,
984 2123 1034 2183 set
1061 2121 1172 2199 coepta
1191 2123 1240 2182 tu·

71 2258 99 2306 ι
116 2236 183 2302 tela
212 2256 273 2303 uon
301 2238 372 2304 ideo
395 2239 529 2305 soluitur
556 2242 630 2322 quia
658 2245 799 2322 potestas
828 2239 1020 2322 superuenit.
1069 2239 1099 2301 4.
1139 2237 1239 2304 Litem
1261 2253 1292 2304 ιι

115 2376 188 2422 ιιι
211 2356 329 2442 pupillo
358 2359 409 2424 uel
436 2359 635 2425 adulescente
658 2379 727 2426 cum
757 2360 934 2438 habuerim,
963 2378 1024 2426 non
1052 2360 1122 2426 ideo
1150 2379 1240 2427 excu-

119 2477 216 2543 sabor
237 2477 298 2542 nisi
321 2479 403 2544 lorte
432 2479 472 2546 de
494 2480 638 2546 omuibus
667 2481 758 2546 bonis
786 2481 837 2546 uel
865 2479 1041 2548 hereditate
1066 2485 1243 2546 controuer-

75 2613 101 2664 ι.
119 2596 170 2662 sia
191 2595 242 2661 sit
287 2599 317 2660 5.
351 2597 428 2662 Tres
451 2598 568 2664 tutelae
590 2604 646 2664 aut
668 2616 771 2676 curae,
793 2616 873 2679 quas
894 2615 956 2663 non
983 2617 1040 2680 per
1061 2595 1244 2664 adlectatio-

117 2734 190 2782 ιιι]
214 2719 415 2796 susceperim,
438 2718 665 2784 immunitatem
688 2735 708 2782 ι
728 2723 842 2799 quarta
863 2716 964 2783 tutela
985 2735 1041 2784 seu
1063 2735 1140 2784 cura
1154 2735 1244 2799 prac-

113 2835 254 2913 stabunt,
267 2835 416 2917 quamdiu
428 2837 626 2902 constiterint
640 2843 705 2902 tres
720 2837 839 2903 tutelae
854 2844 910 2902 aut
924 2856 1029 2905 curae.
1051 2835 1122 2902 ideo
1138 2843 1242 2904 autem
1260 2854 1295 2907 ιο

117 2955 193 3019 dixi.
220 2955 1248 3038 »quasnonperadiectationemsusceperim‹,quiasi.

117 3077 194 3140 data
210 3090 307 3156 opera
323 3073 455 3140 alicuius
472 3078 603 3156 tutelam
620 3084 676 3143 aut
690 3095 798 3150 curam
815 3075 1044 3158 suscipiendam
1056 3075 1241 3149 curauerim,

115 3210 198 3272 quae
216 3195 401 3261 tenuissima
416 3201 509 3273 esset
525 3213 586 3262 non
602 3213 640 3261 ea
654 3196 695 3262 ad
710 3197 805 3261 trium
821 3195 992 3261 tutelarum
1008 3211 1170 3262 numerum
1192 3208 1244 3260 ax-

118 3312 268 3395 plendum
297 3315 373 3380 mibi
396 3315 545 3397 proderit.
588 3313 667 3380 illud
689 3321 794 3381 autem
816 3314 976 3381 sciendum
1005 3321 1118 3380 estex
1147 3312 1244 3394 patri·

122 3432 238 3498 moniis
262 3451 323 3498 non
347 3433 385 3499 ex
406 3435 548 3515 personis
570 3433 739 3501 tutelarum
769 3451 917 3500 numerus
946 3433 1128 3516 computari.
1172 3449 1243 3497 nam
1261 3441 1295 3494 ιι

121 3552 243 3632 siquis
274 3552 447 3619 decesserit
476 3560 540 3619 tres
569 3553 716 3634 pluresue
742 3551 859 3620 libems
885 3551 1080 3634 relinquens,
1109 3569 1243 3632 quorum

115 3688 176 3754 ega
203 3678 292 3739 tutor
315 3671 417 3741 lactus
438 3672 566 3752 luerim,
593 3691 657 3738 una
679 3673 739 3740 erit
768 3672 882 3749 tutela,
908 3673 982 3754 quia
1010 3677 1043 3737 ιι
1070 3690 1166 3737 ιιιιι
1195 3677 1244 3738 ιιι
1284 3709 1287 3716 -

77 3798 100 3850 6.
120 3793 356 3873 patrimonium.
402 3795 431 3860 6.
466 3790 574 3858 Potest
597 3799 628 3858 ιι
650 3799 819 3875 paupertas
842 3795 1070 3860 excusationem
1099 3812 1119 3859 a
1144 3792 1245 3858 tutela

119 3917 252 3978 etcum
282 3919 457 3996 praestare.
507 3909 540 3974 id
570 3909 651 3978 enim
680 3918 744 3982 tam
775 3913 839 3979 diui
869 3911 982 3978 tratres
1004 3929 1098 3994 quam
1126 3930 1182 3994 per
1210 3928 1244 3976 se
