2990 4884
698 415 909 480 ..73-

382 737 431 802 De
453 735 594 820 legitima
614 740 825 820 patronorum
845 733 993 818 παλαίει)
1038 733 1162 801 Titulus
1186 737 1236 800 17.

202 987 204 990 Ι
300 902 302 906 ’
332 905 554 991 Ἀπελεύθερος
588 904 607 991 ή
640 904 841 989 ἀπελευθέρα
878 903 1004 968 ἐδέοντο
1044 904 1212 991 ἐπιτρόπου
1252 907 1305 971 διὰ
1337 909 1376 970 τὸ
1488 935 1489 956 ¹

246 1009 352 1098 βραχύ
374 1015 430 1096 τῆς
457 1009 584 1096 ῆλικίας.
633 1007 678 1082 τίς
708 1007 811 1071 αὐτῶν
840 1005 1066 1092 ἐπιτροπεύσει;
1096 1008 1376 1093 ίθείυυιουίύτὶοες

200 1105 206 1114 ’
247 1111 404 1196 οὐδαμῶς.
448 1112 577 1185 τούτους
596 1111 659 1196 γὰρ
681 1110 900 1194 καταλιμπάνει
928 1107 1050 1197 δέχοιν
1077 1110 1278 1187 ύπεξουσίους
1299 1111 1378 1189 τοὺς

248 1215 397 1301 ἀνήβους,
422 1212 506 1278 οὗτοι
527 1212 564 1276 δὲ
586 1213 764 1285 ύπεξούσιοι
785 1213 840 1276 ούκ
862 1211 936 1275 εἷάν
963 1210 998 1273 ἐκ
1025 1210 1171 1288 δουλείας
1199 1211 1378 1299 ἐλευθεριο-

215 1317 378 1395 ύθέντες·
420 1316 457 1379 ού
485 1315 547 1400 γὰρ
576 1312 677 1401 ἔχουσι
707 1301 780 1388 τοὺς
814 1313 965 1388 ἀνιόντας.
1016 1312 1093 1377 ἀλλὰ
1121 1313 1293 1398 legitimoi3
1326 1316 1381 1380 καί

250 1424 317 1496 πῶς
343 1421 360 1480 ύ
387 1419 432 1505 μῆ
460 1415 540 1506 ἔχων
568 1416 709 1492 ἀνιόντας
738 1413 819 1504 ἔχειν
846 1414 975 1478 δύναται
1003 1416 1076 1492 τούς
1105 1416 1140 1480 ἐκ
1166 1418 1311 1500 πλαγίους
1340 1416 1383 1490 ἐξ
1486 1438 1490 1496 ο

249 1520 375 1584 ἐκείνων
394 1521 455 1604 γὰρ
479 1517 563 1583 οὗτοι
584 1518 883 1603 καταλαμβάνονται.
929 1516 958 1579 τί
977 1515 1048 1597 ούν;
1071 1519 1088 1580 ύ
1113 1519 1207 1603 νόμος
1235 1521 1253 1582 ύ
1276 1518 1380 1583 διοδε-

249 1621 398 1694 κάδελτος
426 1620 499 1696 τοδς
529 1621 686 1703 πάτρονας
716 1619 765 1682 καί
797 1617 869 1691 τοὺς
898 1621 960 1680 τῶν
989 1620 1154 1702 πατρύνιον
1189 1620 1302 1696 παῖδας
1328 1621 1381 1684 ἐπί

250 1727 304 1811 τῆν
327 1725 444 1789 τούτων
467 1722 634 1811 ἐπιτροπήν
656 1725 749 1787 καλεῖ.
794 1720 880 1786 εἶπον
902 1723 963 1806 γὰρ
994 1722 1164 1809 προλαβὼν
1193 1724 1239 1787 ύτι
1269 1723 1318 1786 ἐπὶ
1338 1725 1381 1810 τῆ
1488 1769 1490 1785 ι

201 1833 234 1884 10
251 1826 337 1890 δύσει
358 1831 412 1913 τῆς
435 1825 618 1908 ἐλευθερίας
640 1825 675 1887 τὸ
695 1824 802 1908 βάρος
828 1822 933 1886 ἕπεται
963 1826 1018 1906 τῆς
1045 1823 1229 1911 ἐπιτροπῆς·
1256 1824 1380 1908 λέγεται
1488 1871 1489 1908 ³

251 1929 288 1992 δὲ
317 1929 367 1991 καί
400 1927 478 2014 αὕτη
504 1926 647 2008 legitima
674 1926 781 2012 ἐπειδή
810 1926 869 1988 ὑπὸ
897 1928 952 1988 τού
982 1924 1219 1991 δωδεκαδέλτου
1248 1927 1379 2014 εὑρέθη.
1487 2012 1489 2025 Ι

251 2031 320 2093 ἀλλ’
345 2029 407 2116 ἔχει
427 2053 472 2106 τις
494 2029 604 2093 εἰπεῖν·
629 2029 724 2092 καίτοι
746 2027 898 2110 ἀναγνούς
925 2028 965 2090 τὰ
987 2031 1042 2091 τοῦ
1064 2028 1302 2094 δωδεκαδέλτοο
1321 2032 1381 2116 Ιύή-
1489 2085 1490 2104 ἦ

250 2155 334 2217 ματα
354 2133 478 2218 μνήμην
501 2132 557 2218 οὐχ
583 2129 678 2213 εὗρον
700 2131 814 2217 ταύτης
841 2135 898 2216 τῆς
926 2129 1105 2216 ἐπιτροπῆς.
1149 2131 1219 2194 ἀλλ’
1243 2130 1381 2218 ἐροῦμεν

252 2238 296 2310 ὡς
319 2233 348 2297 εί
368 2236 412 2320 μή
437 2237 549 2318 σαφῶς
570 2236 635 2310 τοῖς
654 2235 772 2320 ρήμασι
794 2237 849 2296 τού
877 2234 972 2317 νύμου
995 2233 1067 2318 περὶ
1095 2233 1190 2319 αὐτῆς
1218 2233 1382 2320 διηγάρεο-
1489 2292 1492 2311 ,

203 2336 234 2388 15
252 2362 310 2418 ται,
333 2336 402 2400 ἀλλ’
425 2333 480 2399 οὖν
502 2335 537 2399 ἐκ
558 2339 614 2421 τῆς
636 2335 757 2409 ἐννοίας
779 2338 833 2399 τοῦ
860 2333 1098 2400 δωδεκαδέλτου
1127 2335 1194 2400 ἐστι
1216 2339 1309 2400 τούτο
1331 2336 1382 2399 λα·

251 2437 366 2522 βεῖν.’)
397 2439 471 2524 φησὶ
499 2437 560 2523 γὰρ
589 2436 623 2501 ἐν
652 2461 706 2500 τινι
733 2438 823 2522 μέρει
851 2441 907 2524 τῆς
936 2437 1048 2511 οίκείας
1077 2437 1282 2523 νομοθεσίας·
1311 2437 1382 2500 ἐάν

253 2561 309 2614 τις
331 2540 451 2615 άπαις
472 2541 537 2603 καὶ
558 2537 779 2614 ἀδιάθετος
801 2541 1010 2626 τελευτήσῃ
1034 2541 1067 2602 οἱ
1089 2538 1291 2622 εθςυύίοί
1315 2563 1382 2603 πα-

251 2640 566 2727 ραγενέσθωσαν
588 2643 647 2706 ἐπὶ
669 2645 737 2729 τήν
766 2643 905 2706 τούτου
932 2641 1207 2729 κληρονομίαν.
1252 2644 1303 2706 καί
1325 2643 1382 2704 πά·

255 2746 300 2809 λιν
322 2744 356 2808 ἐν
378 2745 479 2830 ἑτέρῳ
499 2747 591 2831 μέρει
612 2749 720 2832 φησὶν·
749 2746 817 2809 ἐάν
844 2766 902 2820 τις
923 2745 1050 2808 δεῖται
1072 2743 1324 2829 ἐπιτράπουῑ)
1346 2745 1383 2807 οἱ

203 2857 238 2910 υο
255 2843 452 2930 αθςαύίοί
478 2846 879 2933 ἐπιτροπεύσουσιν.*)
928 2845 984 2921 οὓς
1012 2845 1113 2910 τοίνυν
1141 2844 1303 2929 υᾶςούίυε
1326 2869 1379 2910 πα·

253 2946 461 3032 ρεμυθήσατο
492 2953 538 3034 τῷ
564 2948 670 3034 κέρδει
691 2953 747 3034 τῆς
771 2948 985 3034 κληρονομίας,
1014 2947 1143 3023 τούτους
1175 2946 1316 3032 ἐβάρυνε
1344 2951 1382 3035 τῆ

255 3047 415 3135 ἐπιτροπῆ.
464 3051 561 3111 ταῦτα
591 3049 661 3133 περὶ
688 3047 833 3130 εὐγενῶν.
884 3046 987 3111 ἐλθὼν
1015 3047 1053 3111 δὲ
1080 3048 1129 3111 ἐπί
1156 3049 1229 3125 τοὺς
1258 3048 1382 3114 ἐλευθέ·

253 3171 334 3234 ρους
357 3149 454 3213 εἶπεν·
480 3150 546 3212 ἐὰν
575 3149 853 3235 ἀπελεύθερος
883 3149 902 3236 ή
929 3149 1183 3237 ἀπελευθέρα
1211 3150 1382 3227 άπαιδες

256 3253 320 3315 καί
341 3251 560 3327 ἀδιάθετος
591 3251 869 3337 τελευτήσωσι,
905 3251 971 3336 τήν
1004 3251 1158 3314 τούτων
1192 3251 1381 3337 κληρονο-

204 3355 346 3438 25μίαν
369 3356 403 3416 οἱ
425 3356 620 3437 πάτρονες
641 3352 757 3438 ήγουν
780 3356 814 3416 οἱ
836 3352 1064 3428 παῖδεςτῶν
1080 3352 1289 3435 πατρύνιον
1305 3352 1382 3417 δια-

255 3454 298 3518 δέ
301 3458 485 3542 χονταιά)
509 3458 579 3541 περὶ
600 3455 637 3518 δέ
660 3455 829 3542 ἐπιτροπῆς
850 3455 941 3518 ούδέν
963 3453 1058 3518 εἶπεν.
1103 3452 1211 3538 ἐπειδὴ
1234 3452 1289 3518 οὖν
1312 3454 1381 3518 ἐκά-

262 3556 336 3619 λεσε
375 3558 449 3632 τοὺς
485 3559 642 3641 πάτρονας
677 3557 722 3632 εἷς
753 3559 806 3642 τὴν
835 3561 897 3637 τῶν
919 3554 1144 3638 ἀπελευθέρων
1176 3555 1381 3641 κληρονομίαν

259 3659 336 3722 κατὰ
356 3659 481 3745 μίμησιν
504 3665 566 3723 τῶν
581 3659 760 3740 adgnae'ztwn²
783 3659 822 3730 ἐξ
841 3659 976 3744 ἀνάγκης
999 3659 1027 3720 οἱ
1049 3657 1170 3719 παλαιοί
1192 3680 1380 3748 καταστοχα-

259 3761 381 3845 ζύμενοι
411 3765 466 3824 τού
495 3763 589 3844 νύμου
618 3762 740 3843 λέγουσι
767 3762 819 3823 τὸν
846 3761 939 3823 αὐτὸν
966 3761 1082 3845 τρόπον
1107 3760 1156 3821 καὶ
1182 3758 1381 3845 βαρύνεσθαι

325 4016 349 4082 1)
367 4015 431 4084 περί
450 4014 563 4080 νομίμου
587 4017 724 4084 πάτρονας
743 4013 786 4083 [R.
805 4013 966 4082 πατρώνιον]
991 4011 1214 4082 ἐπιτροπεύσεως
1232 4011 1294 4066 add.
1312 4011 1380 4066 libri.

259 4098 283 4165 ²)
302 4097 385 4150 είπεῖν
405 4098 435 4151 Ρ.
508 4099 531 4166 ⁸)
549 4097 695 4168 ἐπιτροπῆς
712 4098 754 4153 vi.
772 4097 804 4152 R.
907 4095 1133 4166 ⁴)01L1.1.2.:
1152 4101 1203 4154 cet.
1229 4096 1379 4150 -ev'ovw.

260 4185 283 4251 ὅ)
295 4183 464 4244 διαδέξονται
481 4183 514 4251 cj.
532 4183 564 4237 R.
