2990 4884
558 395 769 460 ..82-

103 599 171 661 qua
199 579 353 647 eiusmodi
381 599 512 663 poenam
542 589 691 648 mereunt
734 583 809 648 item
838 583 864 647 si
892 583 925 646 in
947 583 1132 650 seruitutem
1160 583 1225 650 sint

104 701 231 766 reducti
254 719 323 766 oum
345 700 426 768 forte
448 702 603 768 aduersus
625 710 774 784 patronos
803 720 877 769 suos
899 703 1015 786 ingrati
1043 721 1112 770 esse
1139 703 1226 770 uido-

104 825 227 896 rentur,
252 826 308 884 aut
329 821 369 885 ab
391 821 534 887 hostibus
558 821 650 901 copti.
674 822 744 888 ideo
766 822 894 887 minimo
914 821 1017 887 medie
1038 829 1070 887 et
1092 821 1226 888 maximo

69 955 89 1005 n.
104 940 221 1020 cupitis
255 937 467 1005 deminutione
500 939 602 1006 tutela
635 941 827 1008 dissoluitur.
876 940 905 1003 2.
940 939 973 1004 Si
1006 941 1076 1022 quio
1108 939 1225 1022 pupillo

103 1067 295 1126 testamento
325 1065 411 1125 tutor
441 1060 534 1125 datus
562 1061 603 1124 sit
634 1058 818 1124 aduertam
853 1060 1075 1138 condicionem,
1110 1059 1224 1126 ueluti:
1259 1065 1276 1116 5

104 1185 220 1243 tutor
242 1185 342 1257 esto,
365 1178 487 1245 donec
510 1181 625 1244 nouis
647 1199 689 1246 ex
711 1181 806 1244 Asia
828 1183 1002 1257 uenerit,
1030 1186 1101 1260 post
1123 1179 1226 1245 oondi-

71 1314 91 1363 3.
106 1298 207 1364 cionis
230 1308 386 1372 euentum,
410 1298 548 1364 soluitur
569 1297 678 1364 tutela.
729 1297 758 1360 3.
790 1297 876 1364 Solet
903 1298 997 1363 etiam
1027 1296 1142 1362 tutoris
1169 1305 1226 1364 aut

69 1435 89 1481 4.
106 1415 219 1500 pupilli
241 1435 325 1482 mors
347 1419 479 1484 tutelam
502 1419 634 1485 soluere.
674 1421 703 1481 4.
727 1415 783 1482 Set
804 1417 831 1482 si
853 1418 1017 1482 maximam
1040 1417 1150 1498 capitis
1172 1415 1225 1482 do-

107 1537 314 1601 minutionem
336 1555 448 1618 passus
470 1539 565 1602 fuerit
586 1546 681 1615 tutor,
711 1557 768 1618 per
793 1555 888 1617 quom
917 1537 1093 1603 libertatem
1114 1536 1226 1601 omise-

106 1656 239 1734 ritant
262 1658 396 1722 mediam
419 1677 476 1739 por
498 1677 591 1740 quom
614 1659 772 1724 ciuitatem
794 1659 981 1740 perdiderit,
1004 1659 1102 1722 omnis
1125 1656 1277 1723 solue-10

106 1787 160 1841 tur
182 1774 292 1842 tutelo.
338 1778 465 1846 minimo
488 1785 593 1843 autem
616 1778 726 1860 oopitis
749 1779 957 1844 deminutione
980 1778 1103 1856 tutoris,
1126 1753 1224 1841 ueluti

106 1895 132 1959 si
155 1914 188 1962 se
211 1897 242 1960 in
265 1897 463 1978 adoptionem
486 1897 615 1975 dederit,
639 1898 778 1980 legitimo
799 1904 922 1964 tontum
945 1896 1043 1962 tutela
1065 1896 1155 1977 perit.
1179 1913 1226 1962 oo

108 2023 193 2082 torae
227 2024 348 2094 autem,
381 2018 464 2082 idest
496 2018 749 2084 testamentoriae
777 2027 808 2084 et
836 2035 917 2098 quoe
944 2035 963 2082 a
989 2018 1224 2098 magistratibus

110 2137 234 2214 dantur,
256 2136 290 2200 in
313 2155 369 2203 suo
392 2136 501 2202 ordino
524 2146 714 2217 permanent.
763 2136 874 2218 pupilli
902 2144 1007 2202 nutem
1034 2137 1144 2217 cupitis
1174 2137 1223 2202 de-

109 2255 248 2328 minutio,
269 2254 343 2322 licet
365 2257 494 2321 minima
515 2256 567 2335 sit,
589 2275 696 2323 omnes
718 2257 833 2322 tutelas
856 2257 952 2335 tollit,
983 2257 1119 2338 pupillus
1142 2256 1224 2320 enim
1243 2275 1275 2326 15

109 2373 199 2440 alieni
221 2376 298 2440 iuris
326 2375 377 2440 fit:
410 2374 600 2440 filiifamilias
628 2386 734 2441 nutem
763 2393 921 2458 nunquam
948 2378 979 2441 in
1008 2376 1109 2442 tutela
1141 2380 1224 2440 sunt.

71 2505 93 2553 o.
111 2495 137 2556 5.
170 2493 205 2559 Si
228 2494 270 2558 ad
293 2495 454 2560 biennium
477 2495 547 2577 quis
571 2500 757 2560 testamento
779 2503 865 2560 tutor
887 2495 978 2560 datus
1000 2493 1109 2572 fuerit,
1141 2493 1224 2559 bien·

72 2621 95 2670 o.
112 2614 160 2678 nio
182 2613 297 2695 elapso,
321 2620 409 2679 tutor
431 2631 500 2679 esse
522 2614 644 2679 desiuit
690 2613 718 2677 6.
752 2611 875 2679 Desinit
897 2619 985 2680 tutor
1005 2631 1075 2679 esso
1101 2614 1155 2695 qui
1176 2618 1225 2678 ut·
1306 2637 1309 2644 ¹

109 2740 178 2813 pote
211 2739 378 2814 suspectus
410 2751 430 2797 a
457 2731 558 2797 tutelo
583 2739 780 2812 remouetur;
814 2731 895 2799 forte
924 2734 1005 2798 enim
1039 2751 1090 2798 res
1117 2731 1225 2815 pupilli

111 2851 187 2917 male
208 2853 348 2934 gerebat.
394 2859 443 2918 set
467 2854 494 2917 si
516 2851 586 2934 quis
608 2853 807 2919 excusatione
829 2853 930 2918 utitur
951 2853 990 2918 ob
1017 2854 1131 2918 iustam
1153 2870 1226 2918 onu·
1242 2861 1277 2912 no

112 2988 174 3034 som
196 2973 309 3053 (iustas
332 2978 440 3037 autem
464 2989 574 3038 causas
596 2970 724 3038 inferius
750 2973 987 3055 proponemus),
1014 2981 1045 3039 et
1074 2973 1119 3036 ito
1145 2970 1225 3037 desi·

114 3091 159 3154 nit
178 3099 261 3156 tutor
284 3110 361 3158 esse.
