3078 4882
602 407 837 472 -199-

158 614 198 660 cu
220 595 324 674 liceat,
347 614 386 660 cn
402 593 507 677 potius
523 593 583 659 sibi
598 593 743 660 nocuerit
763 591 855 674 quasi
877 609 915 658 eo
930 592 998 674 ipso
1013 597 1176 674 paternum
1191 605 1286 670 ugno-

160 712 244 780 uerit
266 713 471 793 uoluntatem,
493 731 555 794 quo
578 712 716 796 legatum
738 709 890 795 petierit?
912 716 944 777 et
966 709 1067 793 magis
1089 714 1138 775 est
1161 713 1197 774 ut
1219 707 1287 774 nul-

157 835 222 898 lum
245 833 273 898 ei
290 827 418 899 orietur
445 833 691 916 praeiudicium,
717 851 854 915 numque
883 830 999 898 tutoris
1025 827 1129 896 officio
1158 828 1285 895 iunctus

156 953 295 1034 legatum
315 955 425 1036 petiit;
448 960 481 1020 et
502 953 609 1036 itaque
632 941 707 1017 nihil
729 951 835 1018 obstat
857 951 933 1033 quin
956 966 1013 1016 suo
1035 947 1217 1015 nomine-de
1240 947 1286 1012 in·

115 1081 139 1132 t.
156 1067 295 1136 officioso
321 1076 510 1138 testamento
540 1075 626 1152 agat.
678 1073 708 1134 t.
742 1071 785 1135 Et
814 1070 1016 1136 econtrario
1045 1067 1077 1132 id
1106 1064 1284 1147 quaesitum
1321 1072 1338 1122 5

155 1195 212 1256 est
258 1208 329 1256 cum
352 1209 410 1270 ego
437 1189 535 1255 lilium
563 1191 757 1274 impuberem
784 1190 816 1254 iu
844 1207 914 1254 mec
941 1192 1101 1271 potestate
1126 1183 1284 1261 habereiit,

154 1307 216 1376 ulio
238 1307 358 1376 herede
381 1310 508 1393 scripto,
532 1328 602 1375 eum
626 1310 811 1376 exheredem
834 1308 902 1388 leci,
931 1307 1008 1374 nihil
1036 1307 1065 1376 ci
1091 1305 1284 1386 relinquens;

154 1427 260 1509 leguui
286 1434 392 1496 sutem
423 1447 535 1496 eureos
558 1425 583 1494 Ο
605 1427 688 1496 Titio
710 1429 854 1502 cuidem,
882 1445 975 1507 quem
999 1445 1056 1507 ego
1079 1429 1216 1494 tutorem
1238 1430 1284 1496 te·

155 1550 311 1612 stemeuto
336 1547 492 1629 impuberi
520 1547 648 1627 reliqui,
682 1547 733 1612 uel
761 1565 854 1630 quem
882 1542 1088 1628 megistretus
1114 1545 1203 1611 dedit
1226 1543 1283 1610 uel

154 1663 235 1730 forte
258 1666 312 1745 qui
335 1666 403 1732 iure
426 1673 558 1732 uocatus
581 1673 638 1733 est.
691 1667 730 1733 de
758 1665 928 1732 iuollicioso
956 1664 1129 1749 impuberis
1157 1663 1282 1730 nomine
1302 1677 1333 1728 ιο

155 1783 257 1850 Titius
280 1785 355 1866 egit,
378 1791 473 1868 atque
495 1792 662 1868 superatus
691 1794 756 1865 est,
786 1785 868 1852 forte
898 1787 980 1852 euim
1009 1787 1094 1851 iuste
1122 1802 1282 1851 excausa

154 1903 298 1984 impubes
322 1905 452 1970 exheres
474 1905 575 1973 luctus
598 1912 656 1972 est.
694 1906 806 1971 deinde
829 1906 930 1971 Titius
953 1907 1106 1971 aduersus
1129 1904 1282 1987 scriptum

154 2022 300 2088 heredem
323 2025 390 2104 agit
421 2030 456 2089 ut
483 2024 622 2106 legatum
649 2030 858 2107 persequetur
884 2025 944 2091 sibi
973 2025 1125 2091 relictum.
1177 2022 1281 2090 nullus

112 2169 136 2220 6,
154 2142 264 2208 dubito
286 2143 362 2224 quin
387 2145 535 2226 consequi
558 2145 666 2226 possit.
712 2146 741 2207 6.
776 2145 825 2208 Ad
855 2143 1025 2224 querellam
1056 2142 1281 2212 excludendum

154 2258 272 2326 sufficit
292 2267 408 2343 quarta
429 2279 503 2344 pers
526 2263 577 2328 uel
599 2263 639 2328 cb
661 2264 811 2328 intestato
840 2262 890 2328 uel
921 2263 989 2326 iure
1011 2262 1200 2328 hereditario
1230 2262 1280 2326 uel
1301 2279 1332 2332 15

152 2379 249 2460 legati
279 2378 393 2446 fideiue
422 2382 578 2446 commissi
606 2381 656 2446 uel
685 2380 796 2446 mortis
825 2398 920 2446 causa
950 2381 1128 2448 donationis
1159 2380 1278 2446 relicte.

152 2499 281 2566 donatio
302 2508 408 2567 eutem
430 2503 513 2567 iuter
536 2502 626 2568 uiuos
648 2520 709 2567 non
733 2508 983 2580 connumeretur,
1008 2501 1068 2565 nisi
1089 2500 1122 2565 in
1144 2498 1206 2564 illis
1229 2517 1279 2566 cc·

151 2620 249 2698 sibus,
272 2638 406 2702 quorum
428 2622 617 2687 sanctissimi
637 2621 785 2703 principis
809 2622 908 2686 nostrl
931 2621 1113 2686 constitutio
1128 2619 1277 2685 meminit.

151 2743 201 2804 set
222 2739 249 2804 si
272 2737 341 2804 eliis
368 2754 493 2822 quoque
522 2739 622 2805 modis
653 2759 690 2805 ex
719 2740 880 2806 ueteribus
908 2740 1031 2821 legibus
1060 2745 1092 2806 et
1120 2739 1278 2806 diualibus

150 2857 428 2924 constitutionibus
451 2863 565 2938 quartu
586 2877 660 2940 pers
682 2857 745 2924 filio
776 2860 979 2938 demulcetur,
1007 2860 1147 2940 querella
1176 2859 1277 2928 inoffi·
1295 2869 1329 2920 uo

150 2975 226 3040 eiosi
248 2982 362 3041 cessat.
409 2982 440 3041 et
462 2977 489 3042 si
518 2976 646 3060 quidem
674 2995 755 3042 unus
782 2975 865 3044 filius
895 2979 953 3056 sit,
982 2983 1097 3061 quarte
1125 2980 1277 3046 bonorum

149 3111 223 3174 pars
246 3095 275 3158 ei
296 3095 502 3178 relinquenda
524 3101 586 3161 est:
609 3095 657 3161 sin
681 3101 786 3162 autem
809 3097 871 3162 duo
889 3091 1050 3179 pluresue,
1074 3104 1188 3180 quarte
1201 3116 1278 3181 pars

149 3217 271 3284 cunctis
301 3216 393 3282 simul
420 3237 477 3300 pro
507 3215 593 3282 uirili
615 3219 698 3284 idest
719 3238 776 3300 pro
799 3225 869 3284 rete
895 3227 985 3302 perte
1014 3219 1124 3284 relicta
1156 3216 1278 3299 querel-

148 3336 210 3400 lam
233 3334 397 3403 inofliciosi
418 3335 560 3418 impedit.
613 3337 713 3403 ueluti
736 3339 762 3403 si
793 3337 856 3404 duo
886 3341 965 3417 sint,
993 3343 1118 3419 oportet
1145 3336 1278 3420 singulis
1376 3415 1378 3419 v

148 3473 331 3524 sescuucem
364 3455 555 3539 relinquere3
591 3457 618 3521 si
649 3462 714 3523 tres
742 3458 820 3535 siut,
854 3457 946 3523 uncie
970 3454 1103 3538 singulis
1141 3456 1276 3542 relinqui
1294 3479 1327 3530 ιιι

149 3573 252 3640 debet.
