3058 4890
602 400 835 464 -210-

156 603 228 652 oum
249 587 282 651 in
305 586 394 653 bonis
417 586 481 652 tuis
512 584 589 669 siti)
617 587 720 670 palam
753 591 812 652 est.
860 603 901 653 an
933 605 1009 656 uero
1042 584 1110 652 eius
1142 585 1278 669 pretium

155 707 305 790 consequi
327 704 468 787 poteris?
491 713 524 772 et
545 708 590 774 sie
611 705 805 790 distinguere
827 711 960 789 oportet.
1004 707 1031 772 si
1059 706 1185 789 quidem
1208 722 1277 770 eam

155 824 312 906 emptione
334 825 524 907 quaesierim
548 843 586 890 ex
608 829 796 890 testamento
825 843 895 892 eum
923 824 1039 892 herede
1065 843 1140 908 ages
1163 828 1200 894 ut
1221 825 1279 894 tibi

155 945 290 1026 pretium
314 942 426 1009 soluat.
470 943 648 1010 sinautem
676 962 714 1008 er
743 944 910 1011 donatione
936 944 1004 1010 eius
1032 944 1078 1010 rei
1108 944 1276 1014 dominium

154 1047 290 1143 adeptus
313 1082 357 1143 es,
378 1063 430 1132 uel
455 1062 629 1146 exlegem,
653 1062 788 1143 pretium
810 1069 917 1146 petere
939 1081 1000 1130 nou
1016 1061 1135 1145 poteris
1151 1070 1280 1147 propter
1313 1065 1330 1118 ⁵

116 1181 118 1184 ’
154 1181 314 1262 regulam,
337 1180 486 1262 quaesit
515 1200 552 1250 ex
582 1181 705 1250 duabus
732 1179 897 1250 lueratiuis
926 1183 1030 1250 causis
1059 1181 1190 1250 eandem
1211 1200 1277 1248 rem

154 1301 282 1384 saepius
305 1300 428 1382 adquiri
449 1319 511 1366 non
534 1319 636 1383 posse.
682 1302 790 1366 eadem
821 1301 944 1368 ratione
970 1302 996 1366 si
1020 1299 1142 1368 Primus
1171 1307 1202 1367 et
1225 1299 1278 1368 Se-

155 1419 277 1485 cundus
300 1419 430 1484 eandem
455 1438 520 1483 rem
536 1419 611 1484 mihi
625 1419 811 1501 legauerint
833 1420 946 1486 deinde
961 1421 1161 1499 decesserint,
1184 1439 1277 1506 quae·

153 1539 235 1603 ritur
257 1556 296 1603 an
320 1539 360 1603 ab
383 1539 552 1620 utriusque
574 1537 743 1604 heredibus
766 1538 903 1620 legatum
932 1546 1041 1621 petere
1062 1557 1199 1622 possum.
1245 1547 1277 1606 et

151 1643 254 1742 magis
277 1663 384 1724 estut
406 1659 432 1723 si
455 1677 496 1723 ex
518 1659 611 1723 unius
633 1663 821 1723 testamento
843 1660 905 1723 iam
927 1659 985 1724 sim
1007 1676 1073 1724 rem
1095 1665 1216 1736 nactus,
1239 1675 1277 1721 ex
1297 1668 1329 1719 10

152 1777 253 1843 altero
276 1782 464 1844 testamento
488 1796 589 1859 neque
611 1776 711 1861 ipsam
733 1796 799 1844 rem
822 1778 951 1862 (quippe
973 1796 1054 1861 quae
1076 1779 1137 1842 inm
1160 1778 1192 1846 in
1207 1795 1276 1848 meo

153 1895 291 1962 dominio
314 1896 367 1978 sit)
391 1914 494 1976 neque
517 1897 653 1976 pretium
675 1913 861 1980 consequen
884 1915 954 1963 cum
976 1915 1043 1964 rem
1065 1916 1102 1962 ex
1122 1895 1277 1966 lucratiua

153 2031 250 2080 eausa
264 2015 406 2080 habeam.
429 2017 455 2081 si
477 2022 580 2081 tamen
604 2035 642 2081 ex
663 2034 725 2081 nno
747 2023 934 2084 testamento
956 2016 1203 2082 aestimationem
1225 2033 1277 2080 ao·

107 2151 134 2206 7.
153 2133 297 2215 ceperim,
320 2133 430 2215 procul
453 2134 547 2200 dubio
570 2154 606 2200 ex
629 2133 728 2201 altero
750 2153 816 2200 rem
845 2151 1027 2217 persequar.
1072 2136 1101 2198 7.
1135 2134 1203 2198 Non
1227 2151 1276 2198 so-

152 2251 217 2317 lum
240 2270 321 2334 quae
342 2253 373 2317 in
400 2272 506 2319 rerum
533 2261 647 2319 natura
674 2262 763 2334 sunt,
792 2259 842 2322 set
870 2256 964 2321 etiam
991 2273 1072 2337 quae
1100 2273 1161 2320 nou
1192 2257 1276 2333 sunt,
1295 2270 1326 2322 15

150 2371 260 2436 futura
280 2377 385 2438 autem
408 2351 575 2456 sperantur
595 2379 680 2441 recte
701 2374 850 2455 legamus.
896 2373 995 2441 ueluti
1016 2373 1146 2452 fructus,
1168 2371 1222 2454 qui
1243 2372 1275 2438 in

152 2489 206 2557 illo
232 2489 329 2558 fundo
356 2490 423 2556 uati
453 2497 547 2558 erunt
576 2496 633 2558 aut
658 2493 742 2572 quod
778 2511 815 2558 ex
841 2491 895 2558 illa
924 2490 1038 2560 ancilla
1065 2496 1174 2556 natum
1204 2488 1273 2557 erit

106 2619 133 2671 8.
152 2609 182 2674 8.
206 2606 239 2674 Si
262 2609 384 2678 duobus
406 2629 499 2677 uuam
522 2611 714 2692 eandemque
736 2628 801 2676 rem
816 2611 985 2692 legauerim
1002 2609 1071 2676 siue
1085 2607 1273 2675 coniunctim

153 2727 222 2795 siue
244 2727 433 2807 disiunctim
457 2734 545 2810 petat
567 2735 672 2830 autem
695 2734 828 2808 uterque
850 2727 989 2810 legatum
1011 2730 1043 2794 in
1064 2729 1145 2794 duas
1166 2733 1273 2810 partes

152 2847 237 2913 inter
260 2865 314 2913 eos
335 2845 473 2928 legatum
498 2847 666 2914 diuidetun
711 2850 739 2913 si
760 2866 836 2913 uero
858 2849 939 2913 alter
968 2845 1106 2923 deficiat,
1135 2852 1192 2912 aut
1219 2863 1273 2911 uo-
1292 2870 1326 2923 20
