3096 4890
713 423 927 466 -xu—

261 587 330 652 dam
354 587 413 654 Gai
435 587 670 654 Institutionum
693 587 771 651 rard
793 585 893 664 πόδας
915 609 970 670 pro
994 587 1194 656 fundamento
1216 588 1323 654 luisse.
1350 588 1382 653 id
1413 577 1416 582 ’

261 726 418 773 ueronon
448 706 547 772 solum
577 728 614 772 ex
644 707 785 788 pluribus
817 707 891 772 locis
919 710 958 772 ad
989 709 1067 774 iuris
1096 709 1258 774 historiam
1288 709 1383 788 perti·

261 827 406 898 nentibus
436 845 473 890 ex
489 825 563 891 *Gai
590 826 827 904 Commentariis
860 828 957 904 uerbo
985 837 1082 898 ¹tenus
1115 829 1147 893 io
1171 829 1380 907 Paraphrasin

215 927 220 940 ’
259 944 420 1038 translatis
442 946 575 1026 probare
602 954 731 1010 conatus
754 965 837 1028 sum,
860 955 908 1011 set
930 946 1109 1027 ampliorem
1132 947 1269 1012 locorum
1294 965 1381 1028 sege·

260 1073 323 1130 tem
346 1066 436 1141 attuli
446 1066 480 1147 ¹),
504 1066 616 1148 quibus
633 1066 830 1132 euinceretur
844 1067 968 1147 saepius
984 1065 1193 1148 Paraphrasin
1211 1085 1280 1132 cum
1296 1065 1380 1130 Gaio

260 1187 434 1263 conuenire,
458 1203 526 1248 oum
543 1204 561 1248 a
577 1185 683 1249 latinis
699 1185 954 1250 Institutionibus
967 1185 1156 1263 dissentiret,
1180 1185 1326 1266 etplura
1346 1185 1379 1261 in

260 1325 296 1368 ea
318 1307 429 1380 inesse,
452 1320 533 1383 quae
555 1303 677 1368 nonnisi
707 1303 747 1368 ad
777 1305 951 1368 uersionem
982 1312 1013 1369 et
1042 1304 1294 1377 dilucidationem
1321 1305 1379 1370 Gai

259 1427 550 1496 commentariorum
574 1427 683 1492 referri
716 1427 844 1508 possint.
874 1485 875 1492 ,
900 1445 980 1509 quae
1010 1427 1113 1491 omnia
1142 1445 1210 1490 cum
1244 1445 1301 1507 per
1335 1445 1378 1502 se,

260 1552 347 1610 tanta
369 1553 623 1626 argumentorum
641 1547 730 1626 copia
745 1526 865 1624 collata
889 1545 1054 1626 perspicua
1076 1563 1144 1610 esse
1159 1563 1292 1626 sperem,
1309 1552 1375 1610 tum

259 1667 351 1728 etiam
374 1665 541 1730 ¹doctorum
569 1667 708 1728 uirorum
739 1663 886 1744 suffragio
918 1666 1119 1744 comprobata
1146 1671 1228 1729 sunt.
1280 1667 1311 1729 in
1341 1683 1379 1731 eo

259 1793 363 1848 tamen
385 1803 434 1847 me
457 1803 579 1848 errasse
603 1784 706 1861 doleo,
730 1784 813 1865 quod
842 1783 944 1864 ipsum
968 1783 1027 1850 Gai
1051 1783 1126 1846 aurci
1153 1783 1252 1856 πόδας
1281 1784 1379 1850 Theo·

258 1902 342 1984 philo
375 1904 553 1980 tribuerim,
591 1923 660 1968 cum
694 1904 785 1984 longe
818 1903 1012 1986 probabilius
1045 1903 1170 1970 scholae
1206 1904 1377 1969 berutiensi

258 2033 341 2088 esset
362 2020 625 2104 uindicandum.²)

259 2191 260 2194 ,
344 2145 385 2208 Et
414 2163 526 2207 reuera
559 2163 627 2208 cum
661 2143 802 2224 iamper
837 2144 951 2208 multos
981 2162 1079 2208 annos
1107 2143 1166 2208 Gai
1205 2145 1377 2208 Institutio-

258 2283 313 2330 nes
348 2264 522 2353 scholarum
558 2264 628 2329 usui
663 2263 866 2340 insanirent,
900 2263 954 2335 uix
980 2263 1046 2328 fieri
1077 2263 1180 2344 potuit
1206 2265 1280 2342 quin
1312 2263 1376 2327 ulla

257 2403 364 2448 earum
400 2402 512 2464 graeca
544 2385 759 2464 interpretatio
790 2384 947 2448 existeret.
999 2384 1120 2448 accedit
1146 2390 1375 2462 argumentum,

256 2505 348 2584 quod,
371 2503 403 2567 ni
425 2502 523 2578 fallor,
547 2521 612 2566 rem
636 2503 719 2565 haud
743 2520 852 2583 parurn
882 2500 1052 2566 confirmet.
1098 2509 1206 2567 entant
1227 2500 1374 2564 nimirum

256 2623 408 2702 quaedam
431 2643 490 2686 uon
515 2623 710 2686 obscuriores
733 2619 910 2699 adfinitates
932 2621 1013 2684 inter
1032 2619 1241 2701 Paraphrasin
1265 2629 1296 2683 et
1318 2621 1377 2684 Le-

255 2762 309 2822 ges
332 2743 518 2820 saeculares,
542 2761 620 2823 quas
644 2748 765 2816 uocant,
789 2742 870 2805 idest
891 2739 1006 2805 librum
1024 2741 1101 2804 iuris
1117 2758 1374 2822 syroromanum.

255 2882 325 2928 eum
348 2861 374 2924 L
401 2862 465 2926 lere
496 2861 585 2926 annis
614 2870 687 2924 ante
715 2858 923 2924 Iustiniaoum
953 2861 1171 2941 imperatorem
1201 2860 1374 2924 conlectum

255 2981 351 3047 fuisse
372 2989 503 3058 constat,
527 3000 660 3060 eumque
683 3000 719 3044 ex
742 2979 911 3044 berutiensi
935 2980 1041 3043 schola
1056 2980 1282 3061 quodammodo
1305 2997 1373 3044 esse

254 3101 424 3183 proiectum
449 3121 509 3167 non
532 3100 741 3183 ambigitur.³)
791 3098 944 3164 eiusmodi
970 3107 1076 3164 autem
1106 3098 1282 3164 adfinitates
1311 3116 1372 3163 non

255 3275 460 3286 ...--—.-

327 3377 349 3441 1)
367 3374 526 3428 Reudiconti
544 3373 588 3427 del
605 3373 637 3427 R.
656 3373 764 3426 lstituto
781 3372 933 3427 Lombardo
953 3375 992 3434 16,
1010 3374 1060 3426 569
1070 3387 1109 3441 sq.
1305 3427 1307 3432 ,

320 3461 346 3531 ²)
369 3461 411 3515 Eu
436 3476 504 3529 quae
528 3460 593 3512 mihi
617 3460 668 3514 hac
692 3460 725 3513 de
749 3475 778 3512 ro
807 3459 914 3527 scripsit
935 3459 1162 3514 Zachariaeus
1185 3475 1202 3511 a
1227 3449 1372 3526 Lingon-

254 3547 339 3611 thal',
359 3561 481 3614 quaeque
504 3545 586 3598 uenia
612 3547 679 3599 tanti
702 3546 753 3598 uiri
776 3561 846 3599 nunc
869 3545 1021 3599 describere
1043 3544 1135 3598 liceat:
1162 3545 1230 3597 ›Mit
1253 3559 1372 3612 grossam

255 3632 389 3686 Interesse
408 3631 477 3685 habe
495 3631 539 3684 ich
557 3631 619 3684 Ihre
642 3631 731 3685 feinen
749 3630 955 3698 Bemerkungen
978 3630 1045 3684 iiber
1066 3629 1231 3698 Theophilus
1254 3630 1371 3698 gelesen.

253 3718 293 3771 Im
312 3717 511 3771 Wesentlichen
529 3718 575 3770 bin
594 3718 637 3772 ich
660 3733 729 3786 ganz
755 3719 803 3771 mit
825 3719 909 3772 lhnen
933 3716 1157 3772 ainverstanderi.'
1185 3715 1244 3769 Nur
1266 3715 1371 3770 mochte

253 3803 297 3856 ich
309 3802 383 3856 nicht
396 3803 424 3856 so
438 3803 573 3856 bestimmt
584 3802 733 3857 annehmen
746 3803 793 3857 das
805 3802 970 3871 Theophilus
983 3802 1064 3856 selbst
1077 3803 1119 3856 ein
1132 3801 1198 3854 κατὰ
1216 3801 1300 3860 πόδας
1318 3816 1370 3854 von

254 3891 345 3945 Gaius'
369 3889 559 3943 Institutionen
578 3890 776 3958 ausgoarheitet
793 3890 876 3943 habe:
896 3889 1025 3944 vielmehr
1042 3895 1150 3942 stammt
1166 3886 1288 3940 desselbc
1307 3884 1370 3938 viel-

253 3975 334 4028 leicht
352 3990 402 4029 aus
421 3975 560 4043 Berytus«

320 4081 343 4147 ³)
361 4067 500 4134 Editiones
523 4095 583 4133 cum
606 4076 738 4144 Landii‚
762 4083 819 4130 tum
842 4065 979 4131 Brun'sii
1001 4081 1158 4145 perspectas
1180 4073 1276 4127 habui:
1299 4073 1370 4126 hanc

252 4181 316 4220 uero
336 4165 447 4220 alteram
465 4163 632 4233 potissimum
651 4169 758 4218 secutus
776 4179 842 4217 sum.
