3096 4890
712 455 751 470 ···
798 440 880 484 xvm
926 451 961 468 ⁸·

358 605 438 673 llum
462 605 606 674 dodicem
634 606 666 673 in
692 605 750 673 hac
773 625 841 673 mea
870 605 1005 673 editione
1031 605 1245 689 comparanda
1271 607 1396 690 potissi·

273 727 385 794 simum
418 744 487 792 sum
520 731 655 792 secutus.
710 724 916 807 antiquiorem
946 725 1029 793 enim
1058 727 1271 794 recensionem
1300 745 1393 810 qaam

273 847 520 915 constantissime
542 850 575 912 et
594 845 775 912 fidelissime
797 827 978 928 praesefert.
1017 848 1057 913 ad
1080 848 1149 913 elus
1172 848 1299 913 lacunas
1322 865 1394 928 sup·

271 966 400 1051 piendas
423 985 535 1050 magno
557 965 634 1032 mihi
655 965 727 1032 usui
749 966 809 1031 luit
830 966 1129 1034 Laurentianus
1153 967 1277 1045 LXXX,
1297 970 1324 1048 1,
1340 968 1393 1051 qui

271 1085 454 1170 praesertim
476 1086 508 1152 in
533 1088 654 1152 dnobus
675 1086 765 1153 libris
787 1086 944 1169 prioribus
967 1087 1096 1152 eandem
1112 1089 1236 1153 omnino
1258 1087 1392 1152 indolem

270 1208 407 1288 praebet.
444 1207 516 1272 huic
539 1207 666 1288 propius
688 1205 811 1272 adsedit
834 1206 1135 1273 Laurentianus
1159 1207 1282 1285 LXXX,
1306 1207 1335 1271 2.
1363 1206 1392 1272 is

270 1326 366 1392 codex
389 1343 532 1410 magnam
562 1345 631 1391 cum
655 1325 723 1391 aliis
752 1325 924 1408 praesefert
957 1323 1166 1405 adfinitatem,
1201 1324 1392 1407 11111101-

269 1444 370 1510 labria
392 1445 475 1527 apud
490 1443 666 1511 Basilianos
684 1446 803 1511 exarati
826 1451 899 1510 sunt
923 1447 973 1528 (nt
989 1451 1038 1511 est
1053 1447 1194 1512 Ambros.
1211 1446 1247 1525 Q,
1264 1446 1304 1510 25
1321 1463 1390 1527 sup.

270 1564 341 1630 Vat.
363 1562 434 1630 Bas.
460 1565 529 1630 115.
552 1566 626 1632 item
652 1567 722 1629 114.
755 1564 861 1646 plures
883 1564 937 1630 alii
959 1566 991 1630 id
1013 1567 1136 1649 genus),
1159 1585 1229 1632 cum
1252 1565 1285 1631 in
1307 1565 1391 1632 litte·

269 1703 374 1750 rarum
396 1684 512 1759 formis,
534 1691 601 1750 tum
632 1683 725 1750 etiam
747 1683 779 1749 in
810 1685 1052 1767 orthographia,
1082 1705 1176 1769 quam
1199 1692 1328 1764 uocant,
1358 1691 1390 1751 11

269 1805 299 1868 11
322 1803 407 1886 ipsis,
431 1803 544 1886 quibus
567 1809 677 1882 scatet,
700 1803 868 1871 erroribus.
904 1803 1012 1872 eadem
1035 1821 1160 1886 quoque
1181 1811 1285 1872 aetate
1307 1805 1389 1889 (sae-

270 1923 338 1990 culo
360 1922 454 2006 Xll0)
477 1923 684 2004 conscriptum
708 1941 776 1989 esse
798 1922 906 2004 liquet,
930 1930 966 1988 ut
987 1942 1044 2006 pro
1065 1931 1150 1990 certo
1166 1924 1295 1991 habeam
1319 1943 1387 1990 eam

270 2061 339 2110 1111
361 2044 389 2110 11
416 2045 567 2127 originem
597 2043 823 2110 uindicandam.
882 2044 931 2109 hic
962 2052 1066 2109 autem
1096 2043 1192 2109 codex
1221 2045 1387 2111 admodum

270 2163 469 2248 neglegenter
496 2171 643 2232 exaratus
673 2171 737 2230 est:
765 2185 916 2248 persaepe
945 2167 989 2247 (in
1017 2163 1052 2228 1⁰
1079 2165 1158 2230 libro
1187 2165 1387 2248 praesertim)

269 2285 386 2351 scholia
406 2289 438 2351 in
461 2287 561 2369 ipsum
584 2291 701 2352 textum
724 2286 846 2351 intrusa
868 2291 950 2366 sunt,
971 2284 1101 2352 lacunae
1116 2285 1256 2351 crebrius
1279 2305 1386 2352 occur·

268 2411 351 2470 runt.
385 2411 488 2472 tamen
511 2409 620 2488 utpote
643 2405 698 2486 qui
719 2424 738 2470 a
761 2406 842 2471 bono
865 2404 998 2488 quodam
1024 2411 1055 2470 11
1077 2405 1262 2488 perantiquo
1285 2424 1386 2471 exem·

268 2524 348 2606 plari
371 2526 545 2608 descriptus
566 2525 662 2590 luisse
685 2523 848 2604 uideatur,
879 2544 950 2590 eum
979 2529 1079 2590 totum
1109 2523 1226 2589 contuli
1256 2525 1384 2606 eiusque
1450 2511 1453 2517 ’
1544 2521 1545 2546 ³

266 2643 416 2710 lectiones
445 2644 622 2712 referendas
651 2645 766 2710 censui.
824 2647 898 2709 item
932 2643 1139 2726 antiquiorem
1173 2645 1382 2711 recensionem

265 2766 417 2846 praebent
439 2764 569 2831 Codices
591 2764 836 2846 parisienses
858 2784 904 2846 gr.
928 2763 1019 2828 1364.
1038 2763 1127 2844 1366,
1151 2781 1282 2844 quorum
1297 2766 1384 2848 prior

266 2883 392 2950 maximi
413 2885 561 2951 momenti
584 2885 623 2951 ad
646 2884 809 2965 Theophili
831 2885 923 2952 crisin
946 2893 1003 2952 111.
1048 2904 1119 2954 eum
1148 2905 1223 2953 sane
1249 2885 1381 2952 eundem

265 3004 449 3070 crediderim
482 3021 551 3071 esse
585 3011 678 3086 atque
705 3005 772 3086 ille,
807 3024 898 3089 quem
926 3007 1058 3072 contulit
1084 3007 1143 3071 Fr.
1171 3005 1380 3090 Pithoeus,

263 3123 351 3189 cuius
373 3125 479 3188 uarias
502 3124 650 3192 lectiones
677 3125 776 3191 edidit
803 3126 1029 3207 Reitzius.¹)
1074 3144 1126 3191 eos
1154 3127 1276 3193 codices
1303 3129 1380 3209 (una

264 3264 333 3311 cum
356 3242 450 3309 tertio
473 3243 636 3324 parisiensi
667 3245 763 3328 1365)
791 3244 933 3310 adhibuit
956 3246 1170 3325 Fabrotus,
1199 3247 1253 3327 qui
1282 3248 1314 3312 in
1336 3247 1379 3312 al·

263 3371 331 3430 tera
353 3364 420 3430 eius
448 3363 583 3432 editione
605 3366 710 3431 codice
739 3365 821 3430 1364
851 3367 966 3432 maiore
999 3367 1133 3448 quadam
1160 3384 1272 3436 coram,
1302 3383 1378 3432 usus

262 3481 352 3565 esth
397 3483 519 3551 codices
541 3482 623 3549 XII⁰
650 3483 716 3552 tere
745 3483 869 3552 sacculo
898 3490 972 3550 suot
1001 3485 1135 3551 exarati:
1163 3483 1270 3550 eodem
1301 3492 1378 3550 tem·

260 3622 335 3686 pore
356 3604 547 3685 probabilius
577 3607 670 3671 etiam
700 3606 778 3672 liber
801 3606 848 3670 1¹¹⁸
869 3611 902 3672 et
924 3606 987 3670 ΙΙιιι
1008 3605 1040 3670 11
1064 3603 1139 3671 (lod.
1165 3603 1245 3668 1365
1269 3603 1376 3688 scripti

327 3881 349 3946 1)
365 3879 392 3933 in
410 3885 429 3934 t.
450 3883 471 3934 1.
488 3894 515 3948 p.
532 3877 699 3934 XLII-LX.

325 3964 348 4031 ²)
366 3963 524 4020 Randiconti
542 3964 590 4020 Iat
614 3963 708 4019 Lomb.
726 3961 792 4018 XVI
809 3965 851 4018 60.
887 3963 953 4017 Inda
970 3967 1046 4032 patet
1064 3978 1142 4032 quam
1160 3961 1257 4018 iniuria
1275 3962 1374 4020 dixerit

257 4050 415 4106 Reitaius
432 4052 569 4105 1111111111
592 4049 703 4105 alterins
727 4048 894 4104 labrotianaa
912 4048 1036 4103 editionis
1054 4048 1153 4103 nullam
1171 4063 1275 4104 merere
1292 4049 1371 4106 fidem

256 4137 284 4192 11
304 4136 545 4192 rabautensis
567 4134 767 4204 Beschreibung
790 4134 837 4188 des
859 4134 922 4189 (lod.
946 4135 1125 4188 Messanenais
1148 4134 1187 4204 (in
1204 4134 1372 4191 Biblioth.

257 4221 476 4278 Berolinansi
493 4223 564 4277 inter
581 4235 712 4278 manuscr.
731 4236 817 4293 graec.
835 4221 941 4278 codices
959 4223 985 4276 in
1002 4223 1045 4278 4⁰.
1062 4221 1198 4289 1811111.
1217 4220 1264 4278 ab.
