3096 4890
597 435 810 498 ..17-

131 631 176 692 et
188 624 354 709 opiniones
368 624 462 690 telem
476 639 554 705 prae
567 639 603 689 se
619 622 725 689 lerant
745 621 975 701 anennoeton,
991 625 1028 688 ut
1041 619 1140 688 iudiei
1155 638 1217 688 non
1231 621 1268 687 li·

139 750 213 812 neat
233 745 273 810 ab
296 761 405 811 eorum
427 743 585 827 responsis
608 743 766 823 recedere,
788 741 882 810 sicuti
904 746 938 810 et
958 739 1124 825 principali
1153 739 1268 808 eonsti-

141 865 265 931 tutioue
287 870 427 929 cauetur.
449 869 482 930 et
502 863 535 929 in
558 863 608 930 his
629 862 756 947 quidem
777 862 931 945 seriptum
952 860 1002 928 ius
1017 862 1170 942 consistit,
1185 881 1271 946 quae

141 981 300 1064 apopulo
322 983 557 1049 constituuntur
578 980 630 1049 uel
652 1001 672 1048 a
693 982 785 1066 plebe
807 981 859 1048 uel
882 998 902 1046 a
923 985 1035 1048 senatu
1057 980 1110 1048 uel
1136 997 1157 1047 a
1185 979 1267 1064 prin·

142 1101 213 1182 cipe
236 1101 288 1168 uel
308 1121 329 1168 a
349 1102 584 1184 magistratibus
604 1100 744 1170 romanis
766 1119 823 1168 neo
844 1119 908 1168 non
930 1119 1011 1185 quae
1025 1118 1046 1168 a
1058 1099 1269 1184 prudentibus
1301 1105 1320 1160 ⁶

86 1227 133 1279 ιο.
143 1219 384 1300 respondentur.
414 1221 464 1285 10.
486 1219 541 1288 Ius
563 1225 669 1288 autem
692 1240 754 1289 non
776 1221 929 1305 seriptum
951 1221 1106 1304 estquod
1127 1221 1270 1286 diuturni

142 1354 248 1404 mores
269 1355 421 1408 consensu
443 1339 599 1406 utentium
622 1339 865 1422 comprobarunt
893 1344 988 1421 atqua
1010 1338 1042 1403 in
1064 1338 1270 1405 imitationem

91 1456 132 1506 11.
142 1456 225 1523 iuris
246 1456 354 1538 scripti
375 1455 575 1540 redegerunt.
610 1458 660 1522 ll.
695 1455 808 1523 Merita
830 1472 906 1538 ergo
927 1453 999 1539 quis
1021 1455 1136 1522 dixerit
1156 1455 1189 1522 in
1211 1456 1276 1523 bas'

143 1574 226 1640 duas
247 1575 367 1658 speeies
388 1577 438 1643 ius
461 1574 553 1642 ciuile
575 1573 703 1654 dedum,
725 1573 759 1640 in
782 1573 833 1640 ius
854 1573 1006 1657 seriptum
1035 1578 1068 1640 et
1089 1571 1271 1658 non'serip

142 1698 223 1758 tum.
267 1710 400 1776 quornm
422 1693 510 1779 origo
532 1694 724 1760 arduarum
746 1691 901 1760 institutis
923 1691 1110 1773 ciuitatium,
1133 1692 1322 1762 Athens-1⁰

143 1829 217 1876 rum
239 1809 361 1878 scilieet
381 1816 415 1877 et
436 1810 681 1878 mnedmmonis
707 1808 836 1878 fluxisse
863 1811 1000 1878 uidetur.
1051 1811 1084 1879 in
1111 1813 1161 1879 his
1188 1815 1271 1882 enim

144 1927 331 1995 ciuitatibus
351 1929 386 1994 id
407 1929 459 2010 egi
480 1927 607 1996 solitum
629 1936 700 1996 erat
714 1936 810 2012 atque
833 1931 984 2015 optinere,
1006 1937 1044 1998 ut
1064 1931 1271 2002 Laeashemo-

144 2049 191 2114 nii
212 2047 338 2131 quidem
353 2047 521 2116 memoriae
536 2066 609 2115 suus
624 2050 710 2132 leges
725 2048 920 2128 mandarent,
944 2049 1154 2120 Athenienses
1166 2057 1272 2120 autem

145 2187 196 2247 ea,
219 2161 301 2251 quae
321 2168 353 2232 in
381 2166 498 2234 litteris
524 2167 644 2251 scripta
671 2173 816 2244 nossent,
845 2167 984 2235 colerent
1012 2186 1117 2253 eaque
1140 2170 1273 2237 eustodl·

94 2291 228 2354 tarent.
279 2287 329 2352 12.
363 2285 420 2354 Set
439 2286 510 2353 iura
538 2288 679 2370 gentium
709 2290 793 2369 apud
820 2304 927 2354 omnes
954 2289 1089 2371 populos
1115 2307 1273 2372 peraeque
1292 2302 1325 2358 ro

146 2408 369 2474 amoliuntur
390 2407 497 2474 baina
518 2405 654 2490 quadam
668 2405 867 2488 prouidentia
881 2406 1065 2487 constitute,
1085 2406 1169 2474 unde
1183 2406 1274 2474 firma

149 2532 185 2593 et
205 2525 423 2592 immutabilia
435 2531 518 2592 sunt
562 2542 644 2608 quas
665 2529 771 2592 eutem
793 2523 865 2591 iura
886 2525 995 2598 ciuilio
1018 2526 1142 2610 singula
1162 2527 1274 2594 ciuitas

147 2645 212 2713 sibi
234 2645 406 2726 constituit,
429 2645 545 2711 mutari
566 2663 662 2729 saepe
683 2643 787 2712 solent
806 2645 859 2712 uel
881 2646 982 2718 terito
1000 2664 1153 2716 consensu
1168 2648 1278 2734 populi

146 2761 202 2830 uel
222 2761 288 2829 elia
308 2763 378 2845 lege
398 2762 473 2830 lata.

399 3369 448 3441 De
469 3374 539 3442 iure
561 3377 808 3461 personarum.¹)
852 3378 976 3445 Titulus
998 3380 1028 3445 3.
1297 3393 1334 3448 aa

236 3523 316 3591 Cum
331 3526 485 3594 iustitiam
501 3527 722 3609 definierimus,
745 3531 886 3617 iurisque
900 3534 1078 3616 generalem
1093 3534 1278 3604 diuisionem

216 3714 241 3779 1)
258 3711 417 3781 Kmegerus
439 3715 604 3782 proaemium
621 3715 701 3772 buius
719 3716 792 3773 tituli
809 3717 980 3787 praecedenti
992 3721 1130 3777 attribuit:
1148 3727 1190 3777 set
1202 3723 1281 3778 Thus

148 3797 174 3852 ei
198 3795 369 3865 potissimum
388 3796 556 3866 refragatur,
580 3798 627 3867 qui
645 3801 766 3856 sollemni
785 3803 864 3859 modo
881 3802 953 3860 buna
969 3804 1064 3875 incipit
1085 3807 1203 3876 titulum,
1230 3824 1281 3866 uso

147 3896 260 3952 prorsus
278 3881 347 3938 solet
363 3882 413 3941 tali
429 3883 509 3940 modo
526 3885 635 3940 titulum
652 3887 799 3944 absoluere.
