3022 4884
570 463 807 528 -14o-

124 663 204 712 uero
233 663 296 713 uon
318 665 426 714 omnes
447 665 499 715 res
520 653 631 715 mutuo
653 648 778 727 deutur,
801 652 850 714 111
872 665 953 732 quoe
972 647 1110 731 pondere
1124 653 1253 720 numero

123 781 316 831 mensuruue
337 763 521 832 consistunt.
565 765 744 850 pondere
773 766 917 850 quidem,
948 767 1048 834 ueluti
1070 785 1183 834 surum
1204 785 1255 838 tr·

123 889 255 965 gentum
276 881 440 964 plumbum
463 888 621 951 stamnum
645 887 720 951 oera
742 902 795 951 aes
821 885 874 968 pix
902 892 935 951 et
955 891 1061 952 cetera
1081 886 1113 951 id
1136 903 1253 969 genus:

123 1019 295 1080 numero,
319 1008 472 1084 quotquot
499 1004 658 1070 numerari
686 1002 804 1082 solent,
834 1009 871 1068 ut
900 1021 972 1070 ecce
1001 1005 1091 1087 parui
1122 1003 1253 1070 nummi:

122 1138 306 1186 mensure
327 1126 433 1186 autem
458 1119 559 1188 uoluti
582 1119 773 1187 frumentum
800 1121 950 1188 hordeum
979 1127 1011 1188 et
1037 1129 1144 1190 cetera
1170 1123 1253 1192 eim
1287 1129 1308 1183 ὕ

122 1238 218 1306 modi.
264 1258 336 1306 cum
357 1239 435 1307 bueo
458 1239 517 1306 tibi
538 1246 705 1324 perspecto
732 1239 861 1317 habeus,
892 1241 966 1306 uide
995 1259 1076 1323 quse
1103 1241 1177 1309 inde
1206 1260 1254 1309 se·

122 1364 273 1440 quantur.
327 1358 461 1425 diximus
491 1358 643 1442 pupillum
670 1360 789 1442 ubsque
818 1359 932 1424 tutoris
962 1357 1150 1424 auctoritate
1178 1377 1253 1425 suus

121 1497 174 1543 res
197 1479 337 1544 alienare
359 1497 421 1545 nou
445 1496 546 1560 posse.
591 1479 666 1560 quid
694 1497 771 1562 ergo
799 1479 826 1545 si
852 1483 961 1546 contre
988 1476 1181 1543 uoluntatem
1203 1481 1251 1543 tu·

123 1595 206 1662 toris
229 1601 373 1662 mutuum
396 1597 499 1677 dedit,
522 1615 597 1662 uum
620 1602 724 1662 retum
738 1593 927 1662 habebitur?
949 1612 1145 1678 nequaquem
1167 1613 1252 1662 sene.

121 1715 148 1780 si
172 1714 268 1795 enim,
291 1716 344 1798 qui
367 1733 433 1781 rem
457 1720 567 1781 mutuo
590 1715 712 1798 accipit,
736 1714 803 1780 eius
826 1713 969 1780 dominus
991 1712 1058 1779 fieri
1081 1715 1170 1795 solet,
1191 1715 1250 1781 hoo
1272 1715 1306 1770 1⁰

120 1809 154 1899 iu
178 1853 256 1899 cusu
279 1852 339 1900 non
361 1833 407 1914 fit,
431 1853 500 1901 cum
523 1831 660 1916 pupillus
675 1834 794 1913 absque
809 1837 915 1898 tutore
937 1831 1077 1898 alienare
1098 1850 1158 1898 non
1181 1851 1253 1917 pos·

120 1952 173 2019 sit.
220 1953 319 2033 igitur
341 1971 442 2035 neque
467 1953 608 2018 constitit
631 1957 791 2029 mutuum,
814 1968 916 2031 neque
942 1956 1069 2017 tenetur
1089 1950 1145 2034 qui
1167 1971 1253 2019 ecce·

119 2072 178 2154 pit
230 2070 307 2154 quid
336 2091 411 2152 ergo
439 2070 512 2138 esti
539 2070 676 2153 pupillus
704 2071 860 2136 actionem
886 2068 918 2134 iu
948 2071 1081 2136 remed
1109 2089 1252 2138 nummos

120 2191 330 2258 uindicandos
353 2188 484 2258 hebebit
506 2208 586 2274 quos
615 2191 764 2269 credidit,
791 2190 891 2255 sicubi
917 2194 1037 2264 extent3
1068 2189 1116 2254 sin
1146 2196 1251 2255 eutem

121 2311 176 2392 qui
200 2327 256 2377 eos
278 2309 400 2393 accepit
421 2309 505 2375 mala
527 2308 589 2375 fide
611 2309 817 2391 consumpsit,
840 2308 923 2374 idest
951 2307 1049 2388 probe
1071 2305 1173 2372 sciens
1194 2327 1251 2389 pu·
1270 2325 1303 2379 lo

122 2428 234 2511 pillum
258 2448 328 2495 esse
350 2430 403 2511 qui
425 2428 620 2506 credidisset,
643 2428 764 2494 uctione
787 2425 827 2492 od
849 2426 1056 2492 exhibendum
1081 2425 1248 2491 tenebitur.

121 2548 240 2628 quibus
275 2548 357 2613 enim
390 2547 587 2621 1111111111,
619 2547 649 2610 in
683 2563 749 2611 rem
783 2544 904 2610 intendi
938 2543 1032 2626 solet,
1067 2545 1178 2610 iisdem
1205 2544 1249 2609 le-

121 2666 266 2744 tentibus
302 2685 360 2732 seu
392 2665 563 2732 malefido
592 2664 800 2747 consumptio,
829 2665 870 2730 ed
896 2665 1102 2731 exhibendum
1132 2664 1249 2731 actioni

120 2783 211 2851 locus
232 2783 278 2848 fit.
322 2785 370 2849 siu
393 2789 499 2849 eutem
529 2784 611 2849 boue
633 2781 695 2848 fide
717 2791 791 2848 sunt
812 2784 1003 2865 consumpti,
1031 2782 1150 2850 seilicet
1179 2802 1248 2850 oum

121 2903 149 2966 is
172 2904 226 2968 cui
247 2909 392 2967 mutuum
415 2904 523 2969 dutum
547 2911 595 2968 est
617 2909 744 2985 putaret
766 2904 915 2983 puberem
938 2922 1007 2970 esse
1029 2905 1082 2986 qui
1097 2903 1248 2983 erederet,
1267 2910 1302 2962 11

121 3027 199 3087 1111
220 3022 252 3086 in
276 3041 341 3087 rem
368 3021 488 3087 intendi
519 3039 580 3086 non
610 3027 730 3103 potest,
757 3040 859 3104 neque
887 3023 968 3087 enim
990 3023 1107 3087 nummi
1130 3028 1248 3098 extant,

121 3159 226 3224 neque
249 3141 289 3206 ud
312 3141 538 3220 exhibendum,
568 3158 702 3225 namque
729 3159 786 3207 nec
809 3141 925 3207 conditi
955 3145 1030 3206 sunt
1056 3141 1175 3206 nummi
1196 3159 1249 3205 ne
1298 3209 1300 3214 ,

121 3277 183 3341 que
208 3259 375 3338 malefido
398 3260 582 3342 consumpti.
627 3261 702 3341 quid
725 3279 799 3342 ergo
821 3258 875 3326 fiet
902 3279 941 3326 ne
963 3260 1012 3324 ius
1034 3259 1117 3342 quod
1140 3257 1248 3324 fauore

121 3379 235 3462 pupilli
252 3386 301 3445 est
315 3381 526 3446 introductum
550 3381 581 3444 in
596 3380 694 3461 ipsius
710 3385 855 3444 uertatur
876 3378 1054 3461 perniciem,
1078 3378 1106 3441 si
1119 3375 1205 3441 nullu
1219 3377 1248 3440 ei

122 3502 282 3579 competet
297 3517 334 3564 ex
349 3499 548 3579 prudentium
564 3496 682 3579 regulis
698 3497 800 3563 ectio?
821 3497 974 3578 reliquum
997 3504 1044 3562 est
1067 3500 1103 3560 nt
1125 3498 1154 3560 ei
1176 3513 1248 3560 oon·
1265 3509 1298 3562 25

122 3614 220 3680 dictio
237 3615 330 3680 detur
342 3622 374 3681 et
389 3617 472 3698 quod
487 3616 638 3697 pecuniae
653 3617 868 3682 numeratione
883 3633 944 3680 nou
961 3624 1009 3680 est
1023 3613 1248 3693 1111111111-

121 3734 196 3812 licet
226 3743 263 3799 ut
293 3741 435 3800 mutuum
465 3735 710 3801 constitueretur
738 3741 771 3799 et
797 3735 952 3815 accipiens
981 3739 1143 3801 teneretur
1175 3751 1246 3802 con·
