3096 4890
532 1255 938 1390 Prolegomena.

766 1641 830 1716 Ἐχι
846 1647 934 1697 ταῦτα
952 1643 989 1705 ὡς
1007 1643 1036 1696 ὃν
1054 1645 1228 1717 προθοωρίᾳ.

175 1750 340 1854 Graecae
362 1781 598 1876 Institutionum
621 1784 848 1867 paraphraseos
870 1784 1010 1850 studium
1038 1785 1297 1868 adgredientibus

174 1903 252 1970 haec
274 1904 469 1986 potissimum
491 1903 694 1987 proponenda
716 1907 802 1968 sunt:
825 1901 884 1966 1¹¹¹l
906 1922 1058 1986 quaenam
1086 1903 1183 1972 inerit
1204 1905 1297 1972 huius

174 2022 279 2106 operIs
300 2023 397 2105 origo.
442 2021 517 2086 IIum
539 2023 653 2107 quibus
677 2023 766 2090 nobis
788 2023 946 2090 codicibus
969 2043 1062 2089 manu
1084 2025 1210 2106 scriptis
1232 2025 1297 2092 Iue-

173 2145 217 2210 rit
242 2149 369 2211 sernata
396 2141 464 2206 111·
494 2161 647 2226 quaenam
676 2143 821 2225 deinceps
849 2143 989 2210 subsidia
1018 2144 1049 2210 in
1076 2143 1212 2210 editione
1238 2143 1298 2210 hac

173 2264 382 2345 comparanda
408 2269 533 2346 praesto
563 2262 682 2328 luerint
711 2271 744 2328 et
770 2280 833 2343 qua
862 2263 915 2328 nia
943 2263 1135 2345 pergendum
1166 2269 1300 2344 putaue-

172 2401 281 2450 rimus.

698 2502 769 2585 §1-

618 2619 731 2705 Operis
753 2622 850 2704 origo.

259 2777 306 2842 De
319 2774 551 2859 Parapbraseos
572 2776 742 2842 latinarum
757 2774 1005 2850 Institutionum,
1027 2792 1109 2856 quae
1124 2773 1298 2858 Theophilo

174 2895 374 2964 Antecessori
397 2896 491 2979 uulgo
514 2894 675 2976 tribuitur,
697 2896 817 2978 origine
839 2895 982 2978 quaestio
1005 2897 1118 2961 mirum
1141 2901 1296 2975 quantum

174 3022 289 3082 uexata
310 3022 367 3081 est.
397 3017 535 3081 omnium
557 3025 663 3080 autem
679 3013 851 3081 sententias
866 3013 1038 3081 diiudicare
1060 3033 1121 3081 non
1137 3023 1186 3081 est
1201 3013 1298 3080 buius

173 3134 247 3202 loci:
270 3151 402 3218 quarum
424 3153 495 3200 cum
517 3133 670 3217 plurimae
697 3133 781 3200 nullo
811 3152 940 3217 prorsus
967 3134 1072 3201 ualido
1095 3132 1299 3201 fundamento

173 3257 358 3336 innitantur,
381 3261 447 3320 tum
470 3256 564 3322 etiam
588 3254 770 3320 iamdudum
798 3255 909 3320 merito
930 3263 1005 3321 sunt
1027 3255 1181 3335 explosae.
1225 3262 1299 3335 post

174 3383 279 3443 autem
301 3374 532 3458 Parapbraseos
554 3371 723 3440 editIonem
738 3372 823 3438 illam
839 3373 1030 3452 nebulonum,
1052 3390 1134 3453 quae
1150 3371 1297 3439 CXXXII

174 3495 287 3562 abhinc
318 3493 410 3560 annis
443 3491 605 3576 apparuit,
639 3510 677 3558 ea
706 3490 902 3575 potissimum
929 3491 1087 3558 sententia
1109 3491 1295 3575 praeualuit,

174 3633 243 3680 eam
258 3632 326 3679 esse
348 3612 519 3695 Theophilo
534 3611 870 3694 constantinopolitano
886 3612 1083 3678 Antecessori
1099 3612 1296 3678 tribuendam

174 3743 208 3800 et
229 3733 422 3817 probabilius
444 3751 505 3798 non
528 3732 569 3798 ab
591 3732 659 3797 eius
681 3729 801 3797 calaum
817 3749 886 3797 esse
900 3730 1081 3814 prolectam,
1097 3739 1146 3797 set
1168 3734 1207 3798 ab
1230 3734 1298 3798 eins

175 3853 374 3922 auditoribus
394 3851 428 3917 in
450 3848 566 3917 scholis
582 3850 753 3917 secundum
774 3849 843 3914 eius
858 3851 1083 3929 praelectiones
1099 3850 1298 3935 descriptam.

175 3976 275 4055 Quam
298 3972 486 4040 sententiam
508 3965 612 4053 pc'ullo
640 3970 821 4036 dubitanter
847 3989 867 4036 a
889 3971 1010 4036 Reitzio
1037 3971 1225 4054 proletam1)
1248 3989 1298 4039 ce·

243 4147 267 4213 1)
284 4145 316 4201 Τ.
335 4149 359 4213 1,
376 4159 403 4213 p.
420 4143 512 4212 XLII,
538 4143 585 4212 qui
610 4153 669 4194 eam
692 4139 874 4196 coniecturam
896 4139 924 4194 iu
941 4140 1013 4196 notis
1030 4155 1047 4194 a
1063 4139 1238 4194 Trebellio
1256 4153 1300 4193 re·

176 4231 247 4288 lictIs
264 4230 413 4286 inuenerat.
