3038 4884
717 353 928 416 ..55-

266 537 450 610 ίιπεξοὺσιυν
471 535 558 613 ἰξοῦ
580 537 708 620 γέγονεν
731 538 805 616 υἱὸς,
839 537 930 620 λάβω
953 537 997 613 είς
1019 535 1113 614 θέσιν,
1137 536 1230 611 αὐτὸς
1249 537 1307 620 μέν
1330 559 1389 600 πα·

265 641 482 724 ραγενησεται,
505 641 558 703 τὸν
581 639 617 702 δὲ
640 638 715 704 ἴδιον
738 642 802 704 υἱὸν
824 639 897 726 ἐᾷί)
922 642 1007 727 παρὰ
1033 643 1081 726 τῷ
1110 649 1234 726 φυσικῷ
1258 643 1388 723 πάππῳ.

262 743 313 806 καί
334 743 351 804 ὁ
374 743 517 827 λογισμὸς
545 743 649 830 δῆλος,
673 741 780 828 ἐπειδὴ
809 742 992 818 ἱνπεξοάσιος
1019 742 1064 807 ὢν
1092 743 1275 816 ὑπεξούσιον
1305 741 1387 830 ἔχειν

264 843 318 906 οὐκ
340 842 486 932 ἠδύνατο.
530 844 575 907 ὅτι
598 843 634 907 δέ
656 846 673 908 δ
696 842 776 930 ἔχων
799 846 863 908 υἱὸν
891 838 1073 917 ὑπεξούσιυν
1101 845 1149 908 καί
1180 843 1312 930 ληφθείς
1340 844 1389 919 εἰς

235 962 251 1012 5
270 943 356 1008 θέσιν
378 943 597 1030 συνεφέλκεται
620 947 671 1008 τὸν
693 945 804 1009 οἰκεῖον
835 947 930 1010 παῖδα
960 946 1054 1032 δῆλον
1077 946 1115 1018 ἐξ
1140 945 1185 1009 ὧν
1208 941 1390 1027 Αὔγουστος

263 1045 298 1108 οὐ
323 1047 477 1133 πρότερον
500 1045 648 1112 Τίδότίου
670 1049 724 1110 τὸν
744 1048 825 1131 μετὰ
848 1050 945 1112 ταῦτα
967 1047 1134 1131 γενόμενον
1160 1047 1293 1130 βασιλέα
1316 1047 1389 1111 έλα-

261 1148 320 1230 βεν
343 1148 387 1222 εἰς
407 1149 506 1227 θέσιν,
530 1151 599 1230 πρὶν
622 1147 714 1224 οὗτος
743 1151 795 1214 τὸν
818 1148 1030 1216 (λακαιέυίυου
1064 1151 1109 1226 ελς
1141 1149 1226 1213 θέσιν
1258 1148 1387 1232 ἔλαβεν.

261 1249 383 1338 Ἐπειδὴ
400 1253 460 1340 γὰρ
476 1251 626 1334 ἐβούλετο
642 1249 790 1317 Tib6ri0n
803 1252 861 1334 μὲν
884 1250 964 1340 ἔχειν
987 1251 1020 1315 έν
1044 1252 1130 1324 τάξει
1152 1253 1229 1328 υἱοῦ,
1253 1249 1389 1316 Germ&-

265 1353 358 1418 nicon
381 1353 472 1417 δὲέν
495 1356 581 1427 τάξει
604 1354 731 1436 ἐκγόνου
755 1357 802 1419 καί
825 1354 875 1418 διὰ
895 1360 967 1439 μιᾶς
994 1355 1086 1418 τιιύτο
1116 1353 1295 1437 γενέσθαιί)
1325 1355 1389 1418 υἱο-

218 1464 249 1514 10
265 1454 393 1533 θεσίας,
423 1456 638 1539 παρεσκεύασε
666 1456 819 1542 πρότερον
843 1459 894 1519 τδν
916 1454 1128 1522 (λεπταίκυίαου
1152 1456 1196 1534 εἰς
1218 1455 1304 1520 θέσιν
1326 1452 1386 1522 ὑπὸ

260 1557 350 1638 ταῦθ)
383 1556 509 1622 Tiberin
544 1558 702 1646 ληφθῆναι
735 1557 801 1622 εἶτα
834 1549 965 1642 adme)
995 1557 1120 1640 αὐτδςί)
1146 1561 1201 1622 τὸν
1235 1556 1387 1622 Τίθέτὶου

261 1657 374 1740 ἔλαβεν
398 1658 442 1733 εἰς
465 1657 561 1724 θέσιν.

347 1761 396 1824 12.
418 1757 473 1824 Τὸν
485 1758 560 1824 ἴδιόν
573 1784 618 1839 τις
629 1762 746 1848 οἰκέτην
759 1760 872 1844 ἔλαβεν
888 1761 932 1834 είς
947 1760 1114 1825 υἱοθεσίαν.
1130 1763 1271 1847 ζητῶμεν
1287 1760 1388 1846 εἴγεί)
1399 1769 1438 1824 12

262 1859 399 1948 ἔρρωται
426 1865 446 1949 η
476 1861 564 1939 θέσις
591 1863 611 1950 ἢ
641 1863 698 1942 τίί)
728 1861 875 1928 ἐντεῦθεν
903 1862 1106 1926 ἀποτελεῖται.
1157 1863 1207 1926 καί
1233 1885 1327 1946 φασιν
1355 1865 1387 1927 οἱ

211 1985 242 2036 15
261 1966 382 2029 παλαιοί
403 1967 456 2029 τὸν
479 1965 643 2048 Κάτωναθ)
668 1965 822 2051 εἰρηκέναι
845 1965 897 2050 τὴν
918 1967 976 2049 μέν
1000 1965 1086 2028 θέσιν
1107 1967 1151 2051 ρη
1174 1965 1303 2052 ἰσχύειν,
1334 1965 1386 2030 ἐπὶ

259 2065 437 2151 ἐλευθέρων
459 2068 520 2152 γὰρ
543 2059 620 2154 αὕτη
643 2067 816 2152 προβαίνει,
839 2087 859 2154 η
883 2067 919 2130 δὲ
941 2066 1026 2142 θέσις
1054 2067 1082 2130 εἰ
1109 2069 1156 2131 καί
1183 2074 1222 2130 τὰ
1245 2068 1387 2150 μάλιστα

259 2169 304 2244 ὡς
324 2169 415 2243 θέσις
436 2167 492 2233 οὐκ
507 2166 653 2256 ἔρρωται,
676 2168 745 2233 ἀλλ’
768 2167 823 2233 οὖν
847 2172 898 2233 τὸν
921 2169 1039 2254 οἰκέτην
1055 2169 1225 2254 ἐλεύθερον
1240 2171 1385 2235 ἀποδείκ-

260 2271 389 2337 votum)
428 2272 529 2354 ὁγὰρ
554 2274 604 2336 τὸν
627 2272 740 2338 δοῦλον
762 2273 806 2346 ελς
836 2272 923 2336 θέσιν
949 2271 1120 2358 βουληθείς
1149 2272 1276 2352 λαβεῖν,
1307 2273 1386 2356 πρό-

261 2373 355 2459 δηλον
377 2375 454 2457 ὅτιθ)
481 2381 537 2463 τῆς
567 2375 709 2450 δουλείας
736 2375 830 2442 αὐτὸν
863 2381 1033 2462 σιωπηρῶς
1061 2372 1255 2458 ἔσπευσενῑθ)
1285 2376 1384 2440 ἀπαλ-

206 2493 242 2546 20
258 2478 356 2550 λᾶξαι.
401 2475 494 2554 οὗτος
520 2477 619 2542 τοίνυν
646 2478 663 2540 δ
688 2477 746 2560 ρὲν
770 2477 971 2562 ἐξεφώνησεν
1001 2475 1059 2544 οὐκ
1088 2473 1224 2562 ἔπραξεν
1253 2477 1270 2538 δ
1298 2477 1383 2559 δέΠ)

256 2578 438 2666 ἐνεθυμήθη
462 2580 660 2662 διεπράξατο.
711 2579 857 2647 ἐντεῦθεν
880 2578 1032 2664 ὁρμηθείς
1060 2580 1078 2641 δ
1101 2578 1263 2653 θειότατος
1289 2580 1383 2665 ἡμῶν

258 2679 406 2761 βασιλεὺς
434 2681 631 2759 εἰσελθόντος
660 2683 693 2747 ἐν
723 2682 910 2767 δικαστηρίῳ
938 2680 1066 2762 moen)
1087 2682 1145 2774 Ικαί
1177 2680 1316 2755 εἰπόντος
1345 2681 1382 2744 ἐν

257 2775 455 2868 ὑπομνήμασι
476 2785 546 2871 περὶ
567 2783 741 2864 οἰκέταυβί)
764 2785 811 2846 ὅτι
833 2781 950 2857 οὗτος
972 2783 1054 2855 υἱός
1073 2805 1148 2864 μου
1171 2781 1286 2862 ἐστὶν,
1309 2782 1383 2846 ἐθέ-

255 2907 361 2949 σπισεν
383 2884 420 2949 έκ
442 2889 503 2948 τῶν
525 2886 674 2951 τοιούτων
694 2887 847 2973 ῥημάτων
870 2887 921 2948 τὸν
949 2885 1007 2967 μὲν
1029 2884 1149 2972 οἰκέτην
1177 2885 1241 2948 υἱδν
1267 2887 1311 2972 μὴ
1334 2885 1382 2968 γί-

204 2996 238 3049 25
256 2985 420 3080 νεσθαιβέ)
444 2987 599 3053 παύεσθαι
621 2988 658 3052 δὲ
680 2991 735 3054 τοῦ
759 2987 834 3051 εἶναι
856 2987 978 3053 δοῦλον.

323 3177 345 3240 l)
363 3129 488 3229 ἐάσει-Ρ.
506 3173 588 3229 Τυατ.
692 3174 716 3241 ²)
734 3174 778 3226 διὰ
792 3176 854 3237 μιᾶς
872 3174 973 3227 τούτων
992 3173 1132 3232 υἱοθεσίας
1157 3171 1187 3226 Ρ.
1206 3171 1287 3226 Ταυτ.
1305 3173 1377 3226 υἱοῦ.

252 3277 310 3328 rev.
327 3260 361 3316 R.
463 3261 487 3321 ³)
505 3259 597 3314 addidi
615 3275 650 3313 ex
666 3258 697 3312 P.
714 3258 797 3313 Taur.
898 3261 923 3324 ⁴)
941 3257 1023 3318 οὗτος
1039 3257 1069 3313 P.
1151 3260 1174 3325 ⁵)
1193 3256 1275 3310 αὐτὸν
1293 3255 1378 3310 Taur.

255 3347 277 3408 ⁶)
296 3345 321 3396 ελ
338 3345 366 3398 P.
469 3346 492 3412 7)
510 3341 555 3413 ἤτι
572 3342 604 3396 F.
707 3344 730 3410 8)
748 3342 849 3395 κανόνα
867 3342 896 3395 Ρ.
913 3343 995 3397 Taur.
1072 3343 1096 3408 ⁹)
1114 3342 1176 3396 dedi
1194 3357 1228 3396 ox
1245 3343 1274 3395 Ρ.
1292 3340 1376 3394 Tzur.

255 3429 317 3497 Epi.
335 3436 398 3484 cett.
417 3431 495 3501 προδ.
515 3431 589 3482 ἐστιν
608 3429 646 3490 ιὶις
663 3428 723 3483 εδδ.
741 3435 796 3483 ant.
815 3429 846 3482 F.
866 3427 935 3489 ῶςτε
953 3429 1002 3482 Ιι1.
1021 3429 1079 3482 ἐστι
1096 3434 1145 3498 τῆς
1164 3435 1214 3481 cet.
1296 3425 1377 3495 1⁰)d.

253 3517 302 3568 hl.
320 3532 355 3571 m.
372 3519 419 3573 2⁸.
573 3516 608 3580 11)
632 3513 681 3567 αλκ
704 3513 765 3569 add.
789 3513 821 3568 R.
975 3513 1011 3580 1ἱ)
1035 3513 1106 3572 τινὸς
1131 3512 1170 3572 εἰς
1192 3512 1219 3567 d.
1239 3511 1269 3565 P.
1292 3511 1378 3565 Τυῑιτ.

254 3603 288 3671 ¹³)
305 3604 377 3662 τινὸς
394 3601 456 3657 add.
475 3599 517 3657 vi.
537 3600 568 3655 R.
672 3603 707 3665 14)
725 3599 787 3656 dedi
804 3615 838 3654 ex
855 3599 885 3653 P.
904 3598 985 3654 Τοῦτ.
1003 3598 1064 3665 Epi.
1084 3604 1147 3652 cett.
1165 3595 1235 3651 εἶναι

320 3685 712 3757 ααωαααω
