3078 4882
632 373 865 438 -187-

183 561 215 626 in
243 565 402 644 potestate
427 535 589 642 babemus,
612 580 713 644 neque
735 560 767 628 in
790 561 840 627 bis
863 565 1001 641 tantum,
1031 568 1080 629 sat
1102 564 1134 629 in
1161 565 1227 630 suis
1257 566 1313 632 im·

184 682 365 766 puberibus.
399 681 516 747 dieitur
538 687 643 748 autem
666 681 830 764 pupillaris
853 701 890 748 ex
914 703 952 750 ea
974 689 1078 750 aetate
1100 685 1131 750 in
1154 703 1217 768 qua
1240 703 1313 751 usu·

183 801 283 868 uenit.
325 800 588 868 Substitutionem
610 801 709 884 igitur
730 802 916 886 pupillarem
937 803 984 870 ita
1006 803 1110 870 lacere
1131 819 1314 887 possumus:

183 920 299 986 lilius
321 939 427 986 meus
450 919 545 988 mibi
566 920 688 988 heres
712 927 817 1001 esto,
847 921 1068 989 sinautem
1096 922 1215 990 heres
1237 922 1316 990 fao·

186 1046 252 1106 tus
280 1039 465 1122 impubes
494 1041 735 1120 decesserit,
770 1041 843 1108 ille
869 1041 905 1107 ei
935 1040 1053 1107 hares
1083 1046 1177 1107 esto.
1229 1043 1315 1107 etsi
1350 1057 1367 1108 o

187 1177 266 1240 puer
286 1159 378 1226 heres
405 1159 506 1226 laetus
535 1159 678 1242 impubes
707 1160 877 1240 moriatur,
907 1158 995 1226 locus
1023 1160 1060 1224 tit
1087 1160 1314 1225 substitutioni.

186 1281 262 1346 lieet
285 1285 389 1346 autem
411 1280 557 1364 pupillari
580 1282 796 1347 substitutioni
819 1282 983 1364 uulgarem
1013 1283 1202 1364 coniungere
1231 1298 1315 1346 eam·

187 1419 249 1482 que
272 1399 375 1468 faeere
397 1417 491 1480 quam
513 1400 862 1484 uulgarempupillarem
885 1407 1016 1482 uocant,
1043 1399 1103 1470 hoc
1125 1401 1235 1467 modo:
1266 1399 1316 1465 li·

187 1519 269 1586 lius
292 1520 386 1586 mibi
408 1520 521 1588 heres
544 1526 640 1602 esto,
663 1521 739 1587 nisi
763 1523 842 1588 erit
869 1522 966 1606 (quod
989 1521 1150 1604 proprium
1175 1524 1223 1586 est
1246 1517 1316 1584 unl-

187 1641 274 1724 garis
303 1641 566 1723 substitutionis),
597 1640 648 1709 uel
677 1643 703 1707 si
731 1642 851 1708 heras
880 1641 1014 1708 laetus
1043 1641 1220 1725 impubes
1250 1641 1316 1706 de·
1336 1640 1368 1691 1⁰

189 1762 359 1826 cesserit
381 1762 477 1843 (quod
507 1763 667 1844 proprium
697 1769 746 1827 est
775 1761 939 1844 pupillaris
967 1760 1215 1842 substitutionis)
1243 1758 1316 1824 ille

189 1880 284 1946 mihi
306 1881 421 1947 heres
443 1887 537 1948 esto.
581 1882 656 1962 quid
679 1879 748 1947 ais?
770 1881 797 1946 si
819 1880 902 1947 filius
929 1888 1003 1947 ante
1030 1888 1152 1964 patrem
1175 1880 1316 1946 decesse·

190 2001 247 2078 rit,
276 2019 314 2065 ex
343 1999 501 2083 prioribus
535 2000 643 2067 uerbis
673 2002 865 2067 substitutus
895 2002 1059 2068 uocabitur
1088 2001 1204 2084 fietque
1234 2001 1316 2083 patri

189 2121 292 2186 heres.
338 2126 387 2185 set
409 2122 435 2184 si
463 2126 553 2202 pater
582 2124 676 2187 antea
703 2125 846 2186 mortuus
875 2122 932 2196 sit,
961 2121 1063 2188 faetus
1090 2125 1196 2186 autem
1225 2119 1316 2184 beros

190 2258 270 2322 puer
291 2239 433 2322 impubes
457 2239 640 2318 decesserit,
662 2241 750 2306 loeus
779 2240 834 2306 liet
863 2238 1009 2323 pupillari
1040 2240 1255 2305 substitutioni
1279 2257 1317 2304 ex
1337 2247 1369 2297 15

191 2360 396 2442 sequentibus
418 2361 524 2426 uerbis
546 2359 662 2442 fietque
676 2360 768 2426 beros
783 2361 974 2426 substitutus
990 2378 1051 2425 non
1066 2359 1166 2442 patris
1181 2362 1230 2424 set
1251 2356 1315 2422 filii.

190 2479 224 2545 id
246 2480 424 2548 antemius
446 2478 611 2561 pupillaris
641 2480 876 2545 substitutionis
903 2480 988 2544 nulla
1017 2479 1145 2560 propria
1172 2476 1241 2558 lege
1269 2475 1317 2540 in·

191 2604 322 2664 uentum
345 2604 403 2677 ast,
426 2602 475 2663 set
496 2598 636 2663 moribus
659 2604 707 2662 est
728 2598 952 2664 introductum.
997 2615 1068 2663 eum
1099 2596 1180 2662 enim
1208 2595 1318 2679 pupilli

190 2721 415 2784 testamentum
437 2716 540 2783 lacere
562 2734 623 2783 non
646 2722 783 2796 possent,
807 2736 864 2799 pro
886 2717 933 2783 eis
955 2723 1101 2799 parentas
1129 2718 1318 2782 testamenta

150 2857 173 2906 1.
192 2837 376 2903 condebant.
425 2841 451 2900 l.
486 2837 556 2915 Qua
578 2831 699 2902 ratione
721 2837 938 2902 sanctissimus
967 2837 1111 2919 princeps
1139 2841 1245 2902 noster
1268 2854 1318 2901 ex·
1336 2847 1371 2897 20

192 2959 308 3023 citatus
338 2957 592 3023 constitutionem
619 2955 847 3038 promulgauit,
881 2973 975 3036 quam
1006 2955 1103 3021 inseri
1133 2973 1257 3038 quoque
1285 2954 1318 3019 in

191 3095 250 3140 suo
274 3076 380 3141 codice
407 3074 517 3150 iussit,
546 3075 579 3140 in
610 3076 741 3157 quade
769 3075 923 3142 eiusmodi
953 3094 1029 3142 easu
1055 3075 1225 3158 prospexit.
1273 3074 1319 3138 ait

192 3194 275 3259 enim
299 3195 326 3259 si
348 3194 420 3275 quis
442 3195 577 3260 furiosos
600 3196 801 3261 dementesue
827 3193 908 3260 filios
938 3193 990 3260 uel
1016 3199 1146 3276 nepotes
1177 3193 1227 3256 uel
1250 3209 1320 3272 pro·

192 3319 327 3395 nepotes
349 3314 466 3380 babeat
487 3313 655 3380 cuiuslibet
676 3331 769 3379 sexus
797 3313 849 3378 uel
877 3311 1045 3378 cuiuslibet
1065 3311 1198 3392 gradus,
1227 3309 1320 3376 licere

192 3433 230 3509 ei,
254 3433 315 3498 etsi
338 3433 473 3514 puberes
497 3434 569 3511 sint,
593 3434 633 3498 ad
656 3433 830 3516 exemplum
846 3431 1008 3515 pupillaris
1023 3429 1257 3496 substitutionis
1279 3432 1320 3497 is·
1337 3443 1372 3494 aa
