3058 4890
608 403 841 468 ..213-

163 594 344 670 debebitur,
368 610 449 673 quae
471 599 576 657 autem
601 597 649 656 est
671 589 807 665 alienata
829 596 905 655 tunc
929 589 1070 662 demum,
1093 603 1164 650 cum
1187 601 1247 648 nun
1270 602 1289 646 a

114 714 234 777 18·mea
255 729 440 778 recessurus
462 711 599 778 amicitia
621 730 689 776 eam
712 708 908 774 alienuueritt
944 707 993 770 13.
1017 705 1052 771 Ο.
1071 705 1190 771 solidos
1214 701 1289 766 mihi

162 830 315 912 debebas3
339 832 443 910 legaui
466 831 522 895 tibi
546 829 643 895 debiti
669 828 903 905 liberationem,
927 826 1023 908 [idest
1045 825 1221 889 libertatem
1244 827 1289 886 at·

162 968 224 1033 que
251 951 453 1016 securitatem
488 955 596 1016 contra
626 949 810 1026 actionem:
847 946 933 1011 ualet
961 945 1113 1024 legatum,
1139 961 1289 1023 meusque

162 1069 254 1134 heres
278 1086 379 1148 neque
401 1089 420 1132 a
443 1074 475 1134 te
498 1087 599 1150 neque
622 1068 661 1131 ab
684 1065 799 1132 herede
821 1071 876 1130 tuo
899 1080 1000 1145 neque
1022 1081 1041 1127 a
1064 1061 1203 1144 quolibet
1217 1061 1289 1133 alio,
1322 1072 1339 1122 5

162 1188 216 1268 qui
238 1185 363 1254 heredis
386 1185 454 1252 locu
477 1188 528 1264 sit,
551 1185 650 1252 ueluti
665 1184 950 1250 fideicommissario
965 1181 1081 1247 herede
1096 1180 1289 1245 honorumue

162 1324 352 1389 possessore,
383 1307 415 1370 id
437 1313 654 1388 persequetur.
710 1312 758 1370 set
792 1308 900 1370 contra
933 1301 1079 1367 heredem
1113 1318 1216 1364 meum
1250 1319 1288 1366 ex

162 1431 352 1491 testamento
375 1427 542 1492 conuenire
564 1426 698 1506 poteris,
722 1431 758 1490 ut
781 1443 851 1489 eum
875 1441 968 1503 cogas
998 1427 1030 1486 te
1052 1420 1288 1502 acceptilatione

162 1542 318 1622 liberare,
351 1564 408 1612 uec
435 1551 557 1610 tantum
579 1543 611 1608 in
639 1549 825 1626 perpetuum
854 1543 992 1607 debitum
1023 1541 1181 1605 remittere
1204 1539 1289 1603 debi-

163 1664 225 1728 turi
247 1683 316 1728 mec
339 1683 480 1745 possum,
504 1670 553 1728 set
575 1664 668 1729 etiam
697 1661 737 1727 ad
765 1668 897 1743 tempus,
921 1660 979 1725 hoc
1000 1659 1106 1723 modo:
1130 1657 1288 1722 damnas
1308 1671 1340 1722 10

163 1789 266 1859 esto,
290 1781 418 1859 heres,
443 1783 489 1847 ad
513 1781 547 1844 X
569 1799 692 1861 usque
720 1798 841 1845 annos
869 1780 1094 1845 adebitore
1117 1794 1197 1842 meo
1222 1776 1288 1841 de·

114 1901 287 1973 lubitum
311 1919 384 1966 non
406 1910 554 1983 petere.
603 1904 650 1967 14.
686 1903 767 1980 Quid
790 1901 868 1966 iuris
896 1907 1000 1965 autem
1024 1899 1050 1963 si
1073 1905 1183 1964 contra
1205 1898 1287 1962 debi-

164 2025 214 2084 tor
248 2018 385 2084 moriens
418 2021 501 2099 quod
536 2021 670 2087 debebat
702 2040 756 2086 aes
797 2020 932 2085 alienum
967 2019 1113 2085 creditori
1148 2014 1288 2098 legauit?

164 2138 328 2219 quaeritur
350 2157 389 2203 au
412 2137 550 2220 legatum
573 2139 687 2204 ualeat.
732 2145 764 2203 et
785 2138 886 2220 magis
909 2145 957 2203 est
984 2157 1023 2202 ne
1045 2137 1166 2212 ualeat,
1197 2135 1224 2198 si
1244 2134 1288 2198 nil

103 2251 106 2258 '
164 2255 298 2337 amplius
320 2257 423 2336 legato
446 2257 586 2321 additum
611 2265 668 2322 est.
713 2276 784 2321 nam
807 2257 834 2320 si
857 2256 927 2338 quis
951 2253 975 2318 G
998 2275 1067 2321 cum
1097 2255 1238 2330 deberet,
1263 2253 1286 2317 Ο
1308 2263 1338 2313 15

164 2373 297 2455 legauit,
328 2395 388 2440 non
417 2375 502 2440 ualet
531 2376 684 2457 legatum3
717 2377 743 2439 si
773 2393 849 2439 uero
872 2373 942 2452 CX,
970 2372 1056 2438 ualet
1083 2380 1211 2454 propter
1234 2371 1287 2434 ad-

163 2492 339 2560 iectionem.
384 2515 454 2562 cum
477 2495 559 2560 enim
583 2493 608 2559 O
630 2501 751 2560 tantum
775 2496 805 2558 in
828 2495 931 2574 legato
954 2493 1032 2570 sint,
1055 2510 1116 2556 non
1140 2492 1225 2555 ualet
1247 2491 1287 2554 le·

165 2619 272 2694 gatum
296 2614 371 2694 quia
393 2614 436 2678 nil
458 2612 537 2680 lucri
560 2616 590 2678 in
614 2615 774 2679 sehabet.
799 2613 950 2677 eiusmodi
981 2617 1086 2677 autem
1114 2610 1219 2691 legata
1241 2610 1286 2674 in-

163 2729 254 2795 utilia
284 2738 366 2795 sunt.
416 2723 464 2796 sin
501 2738 608 2797 autem
637 2733 694 2797 tibi
722 2733 754 2797 in
784 2733 863 2798 diem
898 2731 1048 2796 debebam
1080 2730 1174 2813 (forte
1206 2731 1285 2794 enim

163 2849 332 2930 stipulatus
355 2868 425 2916 eras
441 2850 510 2915 dari
526 2850 584 2915 tibi
599 2850 623 2916 C
639 2850 756 2916 solidos
779 2857 850 2930 post
872 2869 970 2914 annas
986 2850 1037 2931 V),
1060 2848 1113 2918 uel
1136 2850 1193 2914 sub
1217 2866 1287 2914 con·
1304 2863 1338 2914 20

163 2966 301 3045 dicione,
330 2969 429 3034 ueluti
456 2970 483 3033 si
514 2971 627 3035 nauis
651 2991 694 3036 ex
717 2970 811 3034 Asia
840 2973 1020 3048 uenerit,
1050 2972 1153 3052 legaui
1182 2975 1285 3033 autem

162 3084 220 3153 tibi
242 3085 301 3152 hcc
323 3087 462 3153 debitum
486 3106 573 3170 pure,
597 3090 760 3170 quaeritur
782 3110 821 3155 an
845 3091 949 3155 ualeat
976 3091 1139 3171 legatum.¹
1170 3097 1201 3153 et
1223 3107 1287 3152 ma-

162 3203 211 3285 gis
234 3211 283 3270 est
305 3213 341 3270 ut
362 3205 469 3272 ualeat
491 3213 619 3289 propter
641 3213 969 3290 repraesentationem,
992 3210 1099 3275 statim
1122 3211 1202 3275 enim
1219 3227 1285 3290 per·

162 3323 254 3403 sequi
275 3332 388 3405 potest.
439 3326 582 3394 lucratur
603 3328 691 3412 enim
719 3331 858 3414 creditor
885 3349 955 3395 cum
984 3330 1017 3393 id
1044 3331 1150 3393 statim
1179 3346 1286 3393 conse·

162 3445 289 3524 quatur,
311 3447 394 3524 quod
416 3447 445 3511 ei
468 3452 540 3528 post
567 3447 751 3513 decennium
779 3454 890 3530 postue
918 3447 1109 3515 condicionis
1137 3456 1284 3514 euentum
1302 3463 1335 3516 25
