2990 4884
271 1295 429 1404 Incipit
462 1324 559 1378 oum
591 1295 671 1378 deo
703 1295 919 1380 Institutio
955 1295 997 1378 II
1006 1304 1032 1382 ³.

358 1663 405 1727 De
427 1680 533 1727 rerum
557 1664 718 1728 diuisione.
765 1663 887 1727 Titulus
912 1666 939 1728 1.

177 1845 343 1930 Superiore
366 1848 445 1913 libro
468 1866 538 1914 oum
561 1849 600 1914 de
622 1848 662 1913 iis
685 1849 781 1914 locuti
804 1866 952 1930 essemus,
977 1852 1030 1933 qui
1052 1852 1123 1918 iure
1142 1870 1213 1918 eon·

103 1967 169 2032 dere
189 1968 320 2048 possint,
343 1976 375 2033 et
396 1967 476 2033 iuris
503 1968 688 2034 diuisionem
719 1969 980 2048 instituissemus,
1009 1969 1144 2036 diximus
1171 1972 1212 2036 ad

102 2087 157 2150 tris
182 2105 379 2152 romanorum
412 2086 660 2170 impertinere,
690 2088 731 2152 ad
757 2106 908 2170 personas
936 2107 1046 2168 nempe
1083 2089 1211 2170 adres,

102 2205 299 2270 adustiones.
345 2212 376 2270 et
398 2207 437 2271 de
458 2208 601 2290 personis
623 2195 794 2273 doetrinum
816 2207 879 2272 iem
900 2207 991 2290 plene
1013 2209 1210 2276 tradidimus:

103 2322 225 2390 diximus
248 2326 330 2392 enim
352 2325 505 2405 quosdam
534 2326 663 2404 liberos,
692 2327 843 2409 quosdam
870 2345 980 2394 seruos
1010 2345 1093 2406 esse,
1123 2334 1156 2394 et
1176 2328 1212 2394 li-
1246 2341 1264 2390 s

102 2442 235 2512 berorum
250 2445 330 2512 alios
344 2445 506 2527 ingenuos,
530 2447 606 2514 alios
621 2447 792 2524 libertinos,
816 2447 910 2513 etad
933 2446 1064 2512 alterum
1087 2447 1212 2516 diuisio

101 2577 162 2626 nem
175 2564 374 2646 peruenimus
389 2564 537 2632 docentes
552 2566 711 2631 hominum
725 2566 878 2646 quosdam
893 2565 1045 2645 sinistis,
1061 2566 1211 2647 quosdam
1252 2589 1255 2598 ’

102 2679 183 2746 adesi
203 2682 280 2747 iuris
304 2699 382 2760 esse,
407 2689 439 2748 et
460 2685 616 2766 quomodo
630 2690 770 2766 potestas
785 2685 1042 2751 constituaturst
1056 2685 1211 2768 quomodo

103 2786 297 2880 dissoluatur,
331 2799 503 2885 eorumque
531 2804 584 2883 qui
612 2803 662 2868 sui
689 2802 767 2868 iuris
794 2812 868 2870 suut
900 2803 977 2869 ulios
1011 2805 1069 2870 sub
1102 2803 1211 2882 tutela,

102 2917 169 2984 alios
190 2921 248 2987 sub
271 2939 348 2986 cura
370 2937 452 2988 esse:
494 2918 570 2986 Cum
594 2927 699 2988 autem
721 2930 920 3004 perspectum
942 2924 1113 2991 habeamus
1135 2940 1211 3005 quo·
1231 2928 1263 2979 ro
1338 2985 1341 2992 .

101 3037 180 3104 modo
202 3045 324 3106 tutores
347 3046 552 3106 curatoresue
574 3038 652 3106 fiant
675 3047 706 3106 et
729 3048 865 3120 cessent,
888 3029 970 3125 quae
998 3043 1062 3110 sint
1083 3061 1212 3109 excuse·

101 3155 190 3226 tiones
218 3166 250 3227 et
279 3177 360 3242 quae
389 3161 471 3226 actio
501 3161 639 3243 suspecti
667 3162 798 3239 tutoris,
829 3162 870 3226 ad
898 3163 1069 3232 secuudum
1096 3161 1210 3228 librum

101 3277 252 3345 ueniamus
270 3285 307 3374 ,et
327 3279 532 3362 dispiciemus
553 3279 722 3346 derorum
749 3281 911 3348 diuisione.
972 3281 1085 3348 diuisio
1107 3284 1210 3346 eutem

100 3401 141 3460 est
159 3396 339 3464 indefinitae
360 3399 511 3465 materiae
533 3399 639 3465 breuis
662 3400 816 3481 quaedam
839 3399 1082 3482 comprehensio.

95 3525 97 3532 “
174 3515 302 3585 Summa
323 3537 429 3603 rerum
452 3518 565 3588 diuisio
588 3518 665 3586 hoec
687 3521 736 3584 est
757 3518 841 3601 quod
868 3537 973 3612 rerum
1001 3521 1155 3600 quaedam
1177 3519 1208 3585 in
1229 3530 1261 3582 15

99 3639 197 3705 nostro
216 3643 375 3721 potestate
396 3645 429 3708 et
450 3613 639 3720 patrimonio
661 3616 814 3722 quaedem
837 3646 928 3706 extra
948 3644 1091 3708 nmmum
1112 3641 1210 3724 petri-

100 3756 225 3822 monium
248 3763 282 3823 et
303 3762 494 3841 potestatem
516 3765 601 3824 suut.
623 3758 777 3839 quaedem
801 3747 881 3826 enirn
905 3760 1042 3827 naturali
1063 3761 1132 3826 iure
1153 3774 1209 3826 seu

100 4339 104 4350 .
145 4308 241 4362 Theoph.
253 4311 367 4354 Antecess.
381 4324 425 4354 rec·
437 4311 526 4354 renisi.
