3022 4884
605 412 837 474 -116-

150 596 379 678 pendiaria.
424 595 569 662 Caesaris
593 603 699 664 autem
722 599 901 679 prouinciae
915 605 1059 692 'uomtae
1087 603 1161 667 sunt
1183 599 1281 666 tribu-

150 716 270 782 tariae:
301 715 455 784 tributum
484 722 533 783 est
562 716 644 782 enim
671 717 779 799 mauis
806 719 957 799 pecuniae
986 719 1156 802 impositio,
1186 737 1279 802 quam

149 835 271 902 ideireo
293 835 409 902 Caesar
431 834 676 918 prouincialibus
702 838 767 902 suis
790 835 962 912 constituit,
984 837 1068 920 quod
1090 838 1224 903 multum
1238 839 1279 903 nd

149 952 290 1018 militum
311 954 571 1020 sustentationem
598 954 840 1036 impendendum
867 954 928 1020 sibi
957 961 1035 1021 erat
1084 963 1116 1022 et
1144 957 1198 1037 qui
1225 959 1280 1022 sti·

149 1072 317 1154 pendiaria
346 1073 396 1137 uel
424 1071 592 1138 tributaria
619 1072 747 1154 praedia
777 1073 922 1139 Caesaris
949 1073 1096 1156 populine
1126 1095 1280 1144 consensu
1314 1083 1331 1134 ὅ

149 1193 320 1270 haberent,
350 1211 412 1258 non
434 1198 524 1258 erant
546 1191 674 1270 domini,
697 1210 767 1259 oum
790 1211 898 1260 sorum
925 1194 1096 1266 dominium
1119 1197 1203 1278 apud
1225 1215 1280 1279 po·

150 1312 263 1394 pulum
286 1311 339 1378 uel
360 1312 443 1394 apud
466 1311 634 1378 Gaesarem
658 1319 755 1378 esset:
779 1319 828 1378 set
850 1313 1008 1380 habebant
1030 1314 1063 1380 in
1084 1314 1182 1382 isdem
1206 1333 1279 1380 usu·

148 1432 288 1498 fructum
311 1438 343 1496 et
357 1431 569 1512 plenissimam
592 1434 828 1514 possessionem,
851 1449 945 1513 quam
968 1439 1000 1499 et
1021 1435 1053 1498 in
1076 1433 1156 1500 alios
1177 1441 1279 1500 mans·

147 1552 236 1617 ferre
260 1551 353 1615 etad
375 1550 506 1616 heredes
529 1551 744 1616 transmittere
766 1555 920 1633 poterant.
970 1551 1146 1618 italicorum
1173 1559 1278 1618 autem

148 1688 300 1750 agrorum
323 1687 380 1734 seu
402 1669 527 1735 aedium
550 1669 667 1735 domini
689 1669 914 1751 proprietatem
935 1669 1103 1737 habebant.
1130 1677 1180 1737 set
1201 1670 1278 1736 haec
1298 1682 1330 1735 ιο

147 1789 277 1868 quidem
301 1788 374 1852 olim
396 1789 427 1852 in
451 1807 511 1854 usu
534 1793 641 1853 erant:
668 1787 761 1854 hodie
789 1789 938 1870 principis
965 1791 1065 1854 nostri
1095 1789 1277 1856 constitutio

151 1907 274 1973 nullam
308 1908 515 1974 differentiam
553 1911 636 1974 inter
668 1905 774 1973 italica
806 1906 1013 1990 stipendiaria
1045 1913 1078 1976 et
1110 1909 1278 1976 tributaria

151 2027 286 2111 praedia
308 2045 376 2093 esse
398 2029 483 2093 uult:
506 2035 555 2093 set
577 2027 603 2092 si
627 2027 771 2095 domiuus
798 2045 864 2092 rem
891 2044 981 2092 suam
1008 2026 1084 2092 mihi
1110 2027 1218 2094 tradat
1239 2047 1277 2094 ex

149 2147 322 2213 donatione
344 2165 401 2212 seu
424 2146 507 2212 dotis
530 2163 626 2213 eausa
648 2164 705 2212 seu
728 2166 766 2212 ex
787 2146 849 2211 alia
878 2164 982 2229 queue
1008 2145 1146 2225 ratione,
1177 2147 1276 2213 ueluti

86 2277 135 2327 41.
147 2287 191 2334 ex
204 2267 436 2348 permutatione
450 2265 560 2348 procul
575 2265 670 2331 dubio
687 2264 856 2331 dominium
878 2267 911 2330 in
926 2281 976 2333 ma
991 2264 1151 2332 transfert.
1174 2267 1227 2330 41.
1242 2263 1277 2331 Si
1297 2282 1328 2334 ιι

146 2387 222 2468 quis
245 2385 284 2450 ad
306 2384 504 2451 uendendum
527 2383 643 2462 tradat,
666 2401 727 2448 nou
751 2385 842 2450 aliter
862 2384 894 2449 in
917 2390 1089 2466 emptorem
1105 2383 1276 2450 dominium

146 2507 283 2583 transit,
318 2506 471 2588 quamsi
503 2509 626 2585 emptor
653 2502 810 2570 uenditori
842 2505 887 2569 rei
916 2506 1051 2587 pretium
1085 2502 1189 2569 soluat
1221 2511 1276 2569 aut

146 2625 335 2692 satisfaciat
391 2631 427 2691 ut
454 2645 524 2692 eoae
555 2627 583 2691 si
612 2624 729 2694 Titium
756 2625 912 2709 quendam
938 2623 1069 2704 optulit,
1099 2624 1152 2704 qui
1185 2641 1275 2705 spon-

146 2746 227 2811 deat
257 2763 314 2827 pro
347 2764 384 2810 eo
416 2763 486 2812 sese
520 2745 655 2827 pretium
694 2745 856 2824 daturum3
890 2744 942 2810 uel
971 2743 1085 2826 pignus
1116 2761 1174 2825 pro
1207 2761 1276 2824 pre-

146 2863 197 2930 tio
229 2863 323 2930 dedit.
374 2864 433 2930 hoe
461 2863 557 2930 etiam
586 2863 656 2945 lege
686 2862 748 2928 XII
778 2863 958 2931 tabularum
990 2867 1136 2944 caustum
1169 2868 1274 2928 amen
1292 2884 1327 2936 ιο

149 2983 332 3048 inuenimus
354 2983 387 3048 id
401 2983 480 3049 iuris
500 2983 641 3065 genuum
665 3000 743 3059 esse,
766 2981 903 3049 naturali
925 2982 1008 3047 enim
1023 2981 1183 3063 aequitate
1204 2980 1275 3047 niti·

150 3111 217 3177 tur,
239 3120 336 3184 quare
358 3106 391 3168 et
411 3103 495 3183 apud
518 3119 625 3168 omnes
647 3109 757 3183 gentes
779 3099 965 3167 custoditur.
1001 3101 1109 3184 itaque
1129 3099 1273 3165 dominus

146 3222 206 3305 qui
223 3207 259 3287 ex
274 3220 337 3286 alia
352 3219 492 3304 qualibet
506 3238 603 3286 eausa
614 3219 721 3298 tradit,
738 3219 910 3287 dominium
925 3217 1091 3285 transfert:
1115 3235 1153 3284 ex
1167 3217 1275 3282 uendi·

147 3339 248 3406 tionis
262 3357 358 3407 eausa
372 3358 433 3406 non
449 3340 549 3417 aliter,
574 3358 667 3423 quom
683 3340 710 3405 si
725 3339 860 3420 pretium
875 3339 1008 3420 accipiat
1029 3336 1081 3403 uel
1103 3336 1132 3403 ei
1154 3335 1213 3402 hac
1235 3335 1274 3402 de
1340 3354 1346 3364 ·

146 3480 186 3526 re
199 3457 343 3526 satisfiat
367 3459 416 3524 sin
431 3465 537 3526 autem
552 3476 654 3540 neque
669 3459 815 3524 uenditor
829 3457 964 3540 pretium
983 3455 1149 3539 receperit,
1172 3473 1274 3538 neque
1291 3475 1325 3527 as

146 3580 408 3662 expromissorem
431 3578 529 3644 ullum
552 3596 610 3659 pro
632 3581 788 3661 emptore,
823 3595 923 3662 neque
952 3578 1096 3660 pignera,
1130 3574 1274 3656 sequitur
