2990 4884
689 412 919 475 -106-

240 599 447 672 ύκυκλωδείς
468 599 566 682 ἀγρὸς
587 597 638 662 διὰ
659 599 694 661 τὸ
721 601 769 662 καί
798 598 889 660 πιίλαι
918 595 972 660 ὑπ’
981 597 1006 678 ¹)
1025 593 1111 690 ἐμοῦ
1140 595 1358 668 δεοπύζεσδαι.

240 703 291 768 23.
326 701 362 764 Εἰ
382 700 419 766 δὲ
442 705 497 787 τῆς
519 705 648 787 φυσικῆς
671 699 816 786 νηδύοςέ)
832 701 991 775 παντελῶς
1005 698 1265 785 καταλειφθείσης
1286 696 1405 768 κατ’νο,

240 803 313 867 ἄλλο
333 805 431 890 μέρος
453 803 548 891 ἧξατο
568 807 637 890 ῥεῖν
659 806 676 866 ὁ
700 805 853 887 ποταμδς,
883 804 902 888 η
930 803 988 886 μὲν
1017 801 1155 887 προτέρα
1183 801 1279 864 αὐτοῦ
1311 825 1361 885 νη-

241 907 297 981 δδς
318 907 442 972 ἐκείνων
464 906 551 972 ἐσται
572 907 602 969 οἳ
622 908 747 993 πλησίον
770 911 824 993 τῆς
846 904 943 994 ὄγδης
972 903 1067 968 αύτού
1094 903 1210 989 ἀγρούς
1239 902 1362 988 κέκτην-

206 1022 290 1073 5ται
311 1011 388 1074 κατὰ
409 1011 444 1073 τὸ
472 1010 588 1095 μέτρον
615 1009 734 1097 δηλαδὴ
764 1013 819 1095 τῆς
848 1009 1036 1094 πλατύτητος
1064 1008 1193 1071 ἑκάστου
1201 1007 1227 1088 ³)
1258 1007 1360 1088 ἀγροῦ

241 1117 303 1175 τῶν
333 1113 412 1196 παρ’
446 1114 589 1196 ἑκάτερα,
613 1115 677 1198 ἧτις
707 1113 858 1198 πλατύτης
887 1112 1044 1198 πλησιάζει
1071 1114 1110 1197 τῇ
1139 1109 1238 1199 ύγδη,
1272 1129 1292 1193 η
1326 1107 1362 1170 δέ
1486 1105 1487 1134 ³

242 1216 328 1296 v5a4)
352 1214 444 1302 νηδὺς
467 1215 583 1279 ἐκείνου
605 1215 731 1302 ἄρχεται
754 1215 830 1278 εἶναι
852 1219 906 1278 τοῦ
928 1214 1057 1290 δικαίου,
1081 1213 1118 1276 ού
1145 1216 1194 1276 καὶ
1220 1215 1238 1276 ὁ
1268 1235 1362 1276 πυτα-

239 1319 307 1401 μδς,
329 1317 465 1381 τουτέστι
485 1317 622 1400 publicu.
631 1319 657 1399 ⁵)
701 1319 728 1380 ελ
749 1318 786 1380 δὲ
805 1320 889 1401 μετά
908 1339 975 1381 τινα
993 1319 1108 1405 χρόνον
1131 1317 1175 1391 εἰς
1204 1318 1261 1402 τὴν
1284 1339 1361 1398 προ·
1487 1381 1488 1388 ,

241 1418 334 1502 τέραα
357 1420 535 1503 ὑπέστρεφε
543 1420 568 1501 ⁸)
585 1419 686 1505 νηδύν,
710 1421 831 1506 πιίλινι)
848 1423 900 1484 νῦν
920 1420 1159 1504 καταλειφύείσα
1179 1418 1235 1482 ὑπ’
1259 1418 1357 1482 αὐτοῦ

192 1532 224 1583 10
243 1519 368 1606 νηδὺςί)
396 1520 520 1609 ἐκείνων
549 1520 625 1584 εἶναι
654 1521 781 1609 ἄρχεται
809 1526 870 1585 τῶν
899 1522 1025 1607 πλησίον
1054 1525 1108 1604 τῆς
1138 1520 1237 1609 ύχδης
1263 1520 1360 1583 αὐτοῦ
1486 1601 1487 1604 ¹

242 1622 436 1708 κεκτημένων
458 1624 584 1708 α’γρούς.
639 1625 690 1688 24.
719 1615 846 1707 Ἕτερύν
872 1647 899 1688 τι
926 1623 1007 1687 ἐστὶν
1037 1625 1064 1686 εί
1092 1624 1320 1710 πλημμυρὴσας
1342 1623 1407 1684 ύἎ

243 1726 380 1808 ποταμὸς
400 1726 472 1788 ὅλον
501 1725 646 1789 ἐπέκλυσέ
670 1751 731 1810 μου
759 1729 811 1789 τὸν
840 1728 949 1810 ἀγρόν.
1003 1727 1139 1792 ἐνταῦδα
1168 1727 1229 1811 γὰρ
1260 1724 1362 1788 οὐκέτι

242 1825 372 1911 λέγομεν
394 1829 446 1891 τὸν
469 1829 565 1911 ἀγρὸν
574 1829 599 1910 8)
621 1827 764 1910 γίνεσδαι
784 1827 941 1911 Ρύίιλίοου,
965 1827 1039 1892 ούδέ
1061 1827 1248 1913 ἀμείβεσθαι
1264 1827 1360 1890 αὐτοῦ
1486 1867 1487 1870 =

244 1931 298 2015 την
319 1928 514 1994 δεσποτείαν·
535 1931 621 2015 μένει
642 1933 702 2018 γὰρ
726 1931 817 1994 οὐδὲν
846 1932 936 2018 ἧττον
964 1933 1048 2016 ἐμόν.
1097 1931 1172 1995 ύδεν
1202 1931 1257 1994 ἐὰν
1287 1933 1361 1994 ἀνα·

194 2042 225 2094 15
238 2033 373 2119 γωρηση
397 2037 459 2096 τῶν
481 2033 583 2096 τύπων
605 2033 731 2096 ἐκείνων
753 2033 808 2110 οδς
828 2035 980 2118 ἐκάλυψεν
1008 2035 1181 2112 ἐπικλύσας,
1210 2037 1264 2096 τδν
1286 2032 1363 2117 ἐμὸν
1486 2031 1487 2082 Ῠ

243 2135 341 2218 ἀγρὸν
363 2135 567 2220 ἀναλήψομαι,
589 2139 643 2220 τῆς
664 2135 844 2212 δεσποτείας
859 2137 895 2200 ού
917 2138 1079 2222 γινομένης
1094 2141 1155 2200 τῶν
1170 2157 1362 2220 παρακεκτη-

241 2237 354 2322 μένων,
377 2236 521 2324 καδιίπερ
543 2241 562 2324 η
587 2238 640 2302 νέα
668 2239 761 2324 νηδδς
788 2237 917 2320 φύλνίίοα
945 2239 1095 2326 γενομένη
1125 2262 1162 2325 ιη
1192 2242 1246 2302 τοῦ
1270 2260 1361 2300 ποτα·

241 2341 302 2424 μού
325 2340 521 2427 ἀναχωρήσει
552 2344 613 2402 τῶν
635 2338 914 2424 παρακεκτημένων
941 2340 1063 2422 γίνεται.
1108 2341 1159 2404 25.
1192 2338 1248 2412 Ἐξ
1272 2340 1360 2402 ἀλλο-
1369 2340 1408 2390 25·

244 2440 331 2524 τρίας
354 2441 427 2528 ὕλης
449 2441 534 2518 εἶδος
547 2440 673 2526 ἐποίησέ
687 2464 739 2516 τις.
763 2442 895 2526 ζητεῖται
911 2440 954 2517 τίς
969 2445 1022 2505 τού
1038 2441 1141 2517 εἴδους
1164 2441 1226 2504 ἐστὶ
1249 2442 1360 2505 δεσπό-

192 2549 227 2603 2⁰
244 2565 298 2629 της
319 2545 426 2628 κατὰδ)
449 2546 576 2629 φυσικὸν
597 2543 697 2625 λύγον,
720 2544 851 2626 πότερον
873 2545 890 2605 ὁ
913 2545 968 2629 τὴν
994 2543 1068 2630 ύλην
1095 2545 1139 2618 είς
1167 2543 1252 2619 εἶδος
1275 2543 1360 2628 ἀμεί-

242 2647 305 2728 φας
326 2643 345 2729 ἢ
367 2647 384 2706 ὁ
407 2649 462 2731 τῆς
483 2645 557 2731 ύλης
579 2645 730 2730 δεσπότης
751 2645 857 2728 κύριος
878 2643 964 2708 ἔσται
977 2647 1027 2708 καὶ
1041 2649 1095 2709 τοῦ
1110 2644 1224 2720 εἴδους.
1248 2646 1362 2727 οἷονέθ)

244 2745 282 2817 ἐξ
301 2746 470 2832 ἀλλοτρίων
492 2745 697 2832 σταφυλῶνῆ
719 2747 829 2810 ἐλαιῶν
851 2746 870 2833 η
892 2748 1034 2834 σταχύων
1055 2747 1137 2812 οίνον
1167 2748 1186 2835 η
1214 2746 1359 2834 ἐλαιονη

244 2850 325 2910 σὶιον
347 2847 541 2935 ἐποίησενΠ),
564 2849 583 2935 ἢ
606 2850 640 2912 ἐκ
660 2849 768 2934 βώλου
790 2850 999 2934 ἀλλοτρίαςέἐ)
1019 2855 1146 2938 χρυσοῦ
1175 2851 1196 2936 ἦ
1218 2850 1360 2936 ἀργύρου

244 2948 399 3036 ἧχαλκοῢ
421 2949 547 3036 ἐποίησέ
570 2972 596 3014 τι
622 2949 739 3028 σκεῦος,
762 2951 781 3037 ἢ
803 2950 841 3024 ἐξ
860 2951 1021 3036 ἀλλοτρίου
1049 2951 1132 3016 υίνου
1161 2954 1210 3016 καὶ
1237 2953 1360 3036 μέλιτος

193 3073 227 3128 25
244 3053 389 3140 ἐποίησεν
410 3053 542 3138 οίνύμελι
563 3053 583 3139 ἢ
604 3053 644 3127 ἐξ
661 3053 831 3139 ἀλλοτρίων
847 3056 1022 3140 φαρμάκων
1037 3053 1231 3142 ἐμπλαστρον
1254 3054 1273 3141 ἢ
1295 3056 1361 3118 κολ-

244 3155 347 3240 λύριον
370 3154 538 3242 ιπινέδηκεν
560 3154 579 3241 ἢ
601 3155 641 3228 ἐξ
665 3155 827 3241 ἀλλοτρίου
854 3155 939 3240 ἐρίου
966 3155 1084 3243 ἐσδῆτα
1113 3155 1256 3245 ἐποίησεν
1283 3156 1363 3243 ἢέξ

245 3257 412 3344 ἀλλοτρίων
434 3257 566 3322 σανίδων
589 3258 693 3321 πλοῖον
714 3257 734 3343 ἢ
755 3258 910 3344 ἀρμοίριον
933 3257 952 3343 ἢ
980 3258 1148 3322 ύποπιίδιον
1176 3260 1358 3323 κατεσκεύα·

245 3363 354 3446 σενδθ)
408 3365 457 3427 καὶ
488 3363 647 3446 γεγόνασιν
685 3362 734 3425 ἐπὶ
767 3363 866 3447 τούτῳ
878 3363 916 3445 ¹⁴)
949 3362 1055 3426 πολλαὶ
1087 3362 1266 3448 φιλονεικίαι
1298 3367 1359 3426 τῶν

313 3655 336 3718 1)
352 3655 399 3706 ἐπ’
417 3654 460 3710 vi.
590 3657 614 3722 ²)
630 3653 692 3725 ἦτοι
709 3656 796 3726 κοίτης
813 3654 875 3709 αδδ.
895 3653 936 3708 vi.
955 3655 987 3708 R.
1126 3654 1150 3720 ³)
1167 3653 1301 3720 ἐκατέρου
1318 3651 1359 3706 οδ.

244 3745 300 3792 ant.
317 3739 350 3794 F.
468 3738 493 3806 4)
509 3742 586 3811 καινὴ
604 3741 653 3796 Ιιΰ.
671 3740 713 3795 vi.
731 3740 764 3796 R
889 3742 912 3807 ὅ)
928 3737 988 3809 ἦτοι
1009 3741 1137 3809 δημοσίου
1163 3738 1225 3797 add.
1243 3739 1293 3793 12⁶.
1311 3735 1357 3790 Li.

244 3824 268 3888 6)
286 3824 397 3893 ἐπέστρ.
415 3826 446 3882 G.
557 3828 580 3896 ⁷)
597 3827 636 3882 ita
653 3826 705 3881 Μ..·
723 3835 773 3882 cet.
791 3827 841 3880 ὑπ’
859 3827 944 3879 αὐτοῦ
960 3825 1059 3879 καταλ.
1178 3825 1201 3890 ⁸)
1219 3822 1281 3876 ὅλον
1298 3821 1357 3876 αδδ.

245 3909 288 3964 Vi.
306 3909 353 3966 R:
371 3910 406 3964 de
422 3911 471 3965 L⁶.
539 3911 863 3977 9)ιὸνοι1δνί.Ε“.Β.
932 3913 969 3977 1⁰)
987 3909 1022 3969 ἐξ
1037 3909 1187 3978 ἀλλοτρίων
1205 3909 1358 3976 φαρμάκων

247 3993 419 4063 ἔμπλαστρον
436 3997 454 4065 η
472 3995 613 4065 κολλύριον
632 3997 804 4050 συντέθεικεν
822 3997 867 4051 hic
884 3995 934 4051 ins,
952 3995 995 4049 vi.
1011 3994 1044 4050 R
1193 3996 1229 4060 ¹¹)
1248 3992 1358 4063 ἐποίησέ

245 4098 286 4140 τις
307 4079 349 4133 Vi.
371 4079 403 4134 R.
573 4081 608 4148 1ἳ)
630 4079 668 4134 ita
691 4080 729 4135 M.
754 4080 865 4149 -τρίου
887 4079 950 4133 [βα
974 4087 1026 4134 cet.
1048 4077 1082 4137 ἐξ
1103 4077 1213 4143 ἀλλοτρ.
1233 4096 1283 4148 χρ.
1308 4083 1356 4132 etc·

246 4167 281 4235 13)
298 4167 316 4235 ἢ
333 4166 397 4233 ἀρμ.
417 4208 422 4220 .
442 4205 448 4219 .
468 4208 473 4221 .
492 4167 598 4219 κατέσκ.
617 4165 657 4220 do.
676 4164 718 4220 vi.
820 4168 855 4234 1⁴)
873 4164 977 4219 τούτων
996 4163 1038 4219 Vi.
1059 4163 1094 4219 R·
