2990 4884
577 420 785 484 ..36-

120 606 198 672 ideo
222 607 249 671 ei
269 607 329 672 soli
351 606 497 674 credetur
517 606 755 674 administratio.
799 626 861 689 quo
882 608 983 686 facto,
1015 607 1095 672 alter
1122 612 1243 672 eontra·

122 727 232 790 dicere
254 733 356 805 potest
385 733 417 791 et
438 729 515 792 satis
537 727 650 793 offerre
671 736 703 792 et
732 747 836 792 rerum
865 728 1036 808 gestionem
1059 726 1093 790 in
1116 745 1150 791 se
1166 729 1244 792 reci·

122 861 212 923 pere.
256 845 377 926 itaque,
404 847 430 909 si
453 846 558 928 plures
580 851 767 911 testamento
794 851 914 910 tutores
942 847 1004 910 sint
1027 846 1092 911 dati
1115 853 1171 911 aut
1193 865 1244 911 cn·

123 971 260 1039 ratores
282 982 343 1029 non
365 971 469 1044 potest
490 984 596 1030 eorum
619 985 700 1029 unns
723 983 854 1046 surgens
877 964 1033 1030 contutori
1055 971 1111 1030 aut
1132 984 1245 1032 conou-

124 1085 226 1162 ratori
248 1103 305 1149 suo
328 1085 444 1150 dicere:
473 1084 550 1149 satis
573 1085 649 1150 offer
670 1093 764 1165 atque
786 1085 1086 1151 administrationem
1108 1086 1166 1150 tibi
1189 1085 1244 1150 ha·
1278 1083 1294 1133 5

124 1205 216 1282 beto;
237 1212 286 1268 set·
309 1206 336 1269 si
358 1207 427 1287 quis
450 1205 520 1270 uult
534 1206 692 1286 conlegam
716 1224 806 1270 suum
829 1224 954 1271 mouere
976 1211 1013 1270 ut
1027 1207 1103 1270 satis
1124 1203 1245 1283 offerat,

124 1326 196 1405 ipse
218 1327 350 1404 primum
378 1325 489 1390 offerre
512 1326 620 1419 debet,
649 1330 684 1390 ut
711 1326 917 1392 aemulatione
946 1331 1041 1408 atque.
1070 1326 1246 1390 hortatione

125 1449 302 1508 commotus
324 1447 401 1510 satis
424 1447 485 1510 det.
524 1465 595 1510 nam
617 1448 792 1512 cautionem
815 1451 976 1525 praestans
999 1445 1179 1510 electionem
1204 1445 1244 1509 do

126 1565 286 1628 contutori
308 1572 413 1629 utrum
436 1565 513 1630 uelit
535 1585 555 1630 a
577 1583 625 1631 me
647 1567 724 1630 satis
746 1567 887 1646 accipere
909 1571 940 1630 et
960 1563 1034 1628 mihi
1049 1563 1246 1628 administra-

126 1682 216 1746 tione
239 1685 356 1763 cedere,
379 1701 418 1748 an
441 1688 518 1749 satis
541 1685 615 1749 dare
630 1685 743 1765 etipse
758 1682 1057 1749 administrationem
1074 1683 1242 1762 suscipere.
1263 1686 1294 1736 10

127 1803 156 1865 si
182 1821 255 1866 uero
278 1822 367 1867 nemo
390 1822 495 1868 eorum
517 1804 572 1884 qui
594 1819 632 1869 er
654 1809 839 1869 testamento
868 1803 918 1868 uel
948 1803 1151 1883 inquisitione
1182 1805 1245 1868 dati

126 1929 214 1996 sunt,
237 1924 313 1986 satis
336 1923 455 2002 offerat,
479 1925 505 1988 si
528 1924 652 2007 quidem
674 1930 807 1989 testator
829 1930 933 1989 certae
956 1923 1078 1988 cuidam
1094 1941 1246 2004 personae

127 2041 432 2108 administrationem
454 2045 633 2121 crediderit,
658 2063 695 2110 ea
717 2045 784 2110 sola
806 2043 1018 2124 administret3
1045 2045 1071 2108 si
1099 2061 1174 2108 uero
1197 2063 1247 2108 ne-

129 2160 208 2224 mini
242 2161 273 2225 id
302 2163 503 2245 adscripserit
530 2170 678 2236 testator,
710 2161 764 2228 ille
794 2165 1005 2237 administret,
1032 2181 1123 2245 quem
1150 2165 1248 2229 maior

129 2299 206 2360 pars
229 2287 425 2348 contutorum
449 2284 586 2364 elegerit,
609 2289 646 2347 ut
668 2283 768 2347 edicto
781 2283 943 2363 vpraetoris
963 2288 1103 2346 canetur.
1126 2282 1153 2344 si
1172 2299 1247 2345 uero
1269 2291 1298 2341 15

130 2400 337 2466 dissenserint
358 2410 479 2468 tutores
502 2404 584 2468 circa
606 2404 780 2483 eligendum
803 2421 885 2480 eum,
908 2403 962 2483 qui
983 2401 1192 2477 administret,
1216 2407 1248 2464 et

130 2520 189 2584 alii
209 2521 291 2587 buno
313 2522 366 2586 alii
388 2522 457 2587 illos
481 2521 631 2603 elegerint
653 2524 779 2604 (magna
800 2521 881 2587 enim
905 2538 975 2586 cum
997 2521 1038 2585 sit
1053 2518 1160 2599 pupilli
1176 2519 1249 2584 sub-

131 2641 260 2720 stantia,
283 2641 349 2706 fieri
376 2649 480 2724 potest
508 2652 544 2706 ut
572 2661 653 2708 unus
675 2644 715 2709 ad
743 2642 1044 2708 administrationem
1072 2658 1133 2706 non
1164 2638 1249 2703 suffi-

132 2761 228 2843 ciat),
255 2768 329 2827 tunc
356 2769 482 2844 praetor
510 2780 603 2842 quem
634 2762 711 2827 uelit
741 2762 838 2843 eligat
867 2763 957 2841 eique
987 2779 1053 2826 rem
1080 2758 1249 2841 gerendam

132 2885 251 2946 credat.
312 2882 394 2946 idem
438 2882 527 2948 nobis
567 2883 718 2964 probatur
761 2888 793 2945 et
832 2884 860 2946 si
897 2882 1002 2962 plures
1040 2900 1078 2946 ex
1120 2881 1247 2964 inquisi·
1264 2896 1299 2946 ao

132 3004 220 3068 tione
243 3003 308 3068 dati
330 3003 405 3078 sint,
428 3002 511 3067 idest
532 3010 568 3068 ut
589 3004 688 3068 maior
713 3021 786 3084 pars
813 3001 927 3084 eligere
946 3002 1054 3083 possit,
1078 3018 1134 3082 per
1154 3017 1248 3079 quem

87 3128 113 3178 2.
133 3124 365 3189 administratio
397 3122 462 3188 fiat.
512 3123 541 3186 2.
575 3121 654 3187 Cum
681 3120 817 3202 pupillus
845 3121 942 3203 pubes
972 3120 1075 3186 factus
1103 3120 1159 3195 sit,
1197 3124 1252 3180 aut

133 3243 318 3308 adulescens
339 3243 495 3325 perlectae
517 3243 630 3307 aetatis
652 3259 721 3307 esse
743 3241 895 3322 eoeperit,
923 3258 984 3304 non
1011 3239 1110 3302 solnm
1132 3241 1252 3301 tutores

132 3371 192 3429 aut
213 3369 375 3428 curatores
403 3382 441 3427 ex
469 3361 739 3426 administratione
765 3361 824 3426 sibi
852 3359 1005 3440 obligatos
1034 3357 1176 3432 habebit,
1203 3361 1254 3420 set

134 3501 190 3550 eos
219 3495 356 3566 quoque,
389 3483 443 3562 qui
468 3479 703 3546 satisdationem
735 3479 775 3543 ab
807 3478 869 3543 illis
902 3479 1087 3560 acceperint.
1136 3476 1253 3541 habent
1270 3475 1303 3526 2⁵

134 3603 275 3668 enimin
297 3620 350 3666 eos
379 3603 531 3666 actionem
562 3602 593 3664 iu
622 3599 753 3678 factum,
782 3617 862 3680 quae
891 3597 1082 3664 subsidiaria
1110 3602 1252 3673 uocatur,

133 3741 217 3806 quae
237 3739 349 3803 nempe
371 3719 514 3785 ultimum
536 3717 711 3784 subsidium
733 3717 779 3783 eis
800 3718 899 3799 possit
920 3716 1041 3782 afferre.
1079 3734 1148 3782 oum
1172 3714 1254 3780 enim
