3078 4882
599 465 831 530 -160-

151 654 315 719 testatoris
336 671 431 719 manu
460 654 659 734 signabatur,
691 659 724 718 et
749 653 815 734 ipse
845 652 937 720 heres
965 654 1032 719 sine
1057 653 1278 736 impedimento

151 772 367 839 testimonium
386 774 601 853 praestabant,
624 773 700 838 iuris
716 771 890 854 suptilitate
907 792 970 837 non
985 773 1184 852 aduersante,
1208 791 1277 854 cum

151 911 245 957 ‹rmne
266 891 388 957 lucrum
410 893 449 958 ad
473 893 609 958 familiae
632 897 803 974 emptorem
827 895 985 975 pertinere
1008 893 1179 970 uideretur,
1204 891 1278 956 scri·
1310 957 1315 963 ,

151 1016 226 1092 ptus
248 1016 353 1077 autem
375 1011 466 1077 heres
489 1011 697 1094 ignoraretur.
742 1018 791 1076 set
813 1019 954 1088 ueteres,
978 1012 1031 1091 qui
1059 1011 1091 1076 id
1119 1011 1279 1091 permitte·

151 1132 229 1196 bant
244 1147 344 1213 neque
363 1131 515 1196 uetabant
537 1130 687 1212 scriptum
711 1130 856 1195 heredem
880 1137 912 1195 et
934 1147 987 1195 eos
1011 1131 1063 1212 qui
1087 1148 1156 1195 cum
1172 1147 1209 1194 eo
1231 1147 1278 1195 es·
1313 1139 1329 1189 5

151 1256 225 1315 sent
260 1267 317 1330 per
348 1256 537 1329 potestatem
572 1251 729 1317 coniuncti
769 1248 981 1318 testimonium
1016 1251 1046 1313 in
1080 1247 1277 1314 testamentis

151 1375 330 1451 praestare,
358 1369 534 1434 suadebant
561 1375 727 1434 testatores
760 1386 800 1434 ne
833 1367 986 1433 eiusmodi
1018 1366 1143 1432 licentia
1169 1367 1278 1432 abute

151 1493 271 1552 rentur.
323 1486 452 1552 ethaeo
474 1487 600 1569 quidem
629 1489 713 1569 apud
740 1493 874 1552 ueteres.
924 1490 1031 1552 noster
1060 1491 1164 1551 autem
1193 1485 1277 1567 prin-

151 1625 225 1686 ceps
249 1605 402 1670 eiusmodi
424 1606 502 1670 iuris
529 1604 751 1686 inelegantiam
780 1608 940 1688 corrigens
968 1605 1170 1687 (inelegantia
1196 1605 1276 1669 enim

151 1725 322 1791 uidebatur
343 1725 502 1790 licentiam
525 1726 674 1804 tribuere,
698 1725 831 1792 suadere
854 1733 958 1790 autem
982 1744 1020 1790 ne
1047 1724 1276 1806 usurparetur),
1298 1731 1329 1782 1⁰

150 1845 235 1927 quod
259 1852 384 1910 ueteres
412 1853 581 1911 suaserant
608 1847 639 1910 in
669 1847 748 1926 legis
776 1847 936 1912 transtulit
965 1846 1192 1911 necessitatem.
1246 1851 1277 1908 et

153 1964 238 2030 sicut
258 1965 291 2028 in
319 1965 451 2046 pristino
480 1963 617 2029 familiae
647 1971 786 2048 emptore
817 1965 985 2030 uetabatur
1014 1981 1105 2030 omne
1138 1965 1275 2030 testimo·

150 2081 238 2147 nium
263 2101 370 2148 eorum
393 2084 446 2163 qui
469 2089 574 2148 essent
597 2103 653 2165 per
675 2089 862 2165 potestatem
886 2083 1022 2149 familiae
1049 2083 1182 2164 emptori
1206 2099 1277 2148 con-

150 2203 268 2281 iuncti,
291 2203 335 2267 ita
358 2201 452 2266 etiam
475 2221 577 2284 neque
600 2202 717 2281 heredi,
741 2203 794 2284 qui
816 2203 934 2267 ueteris
962 2202 1097 2266 familiae
1125 2200 1275 2283 emptoris

150 2322 321 2401 imaginem
343 2319 529 2402 praesefert,
556 2340 658 2404 neque
688 2322 726 2386 iis
755 2321 809 2403 qui
837 2339 906 2387 cum
937 2340 974 2386 eo
1003 2340 1059 2403 per
1086 2326 1274 2403 potestatem
1297 2331 1327 2381 rs

150 2441 321 2508 coadunati
343 2447 417 2507 sunt
439 2441 652 2506 testimonium
675 2447 837 2523 praestare
859 2440 1020 2507 concessit.
1044 2447 1075 2506 et
1098 2458 1168 2505 cum
1191 2445 1276 2504 retro

151 2561 297 2626 diuorum
319 2560 495 2643 principum
519 2569 603 2626 esset
622 2562 817 2639 constitutio,
840 2579 921 2642 quae
944 2560 1052 2626 heredi
1079 2561 1277 2642 permitteret

149 2681 363 2746 testimonium
378 2685 549 2762 praestare,
572 2681 994 2782 eiusmodi‘constitntionem
1010 2680 1154 2762 princeps
1170 2687 1277 2745 noster

101 2816 209 2882 usuc
241 2799 340 2864 codici
374 2801 470 2864 inseri
494 2772 570 2865 'non
604 2800 756 2882 permisit.
815 2803 863 2868 ll.
898 2799 1073 2882 Legatariis
1106 2805 1211 2864 autem
1245 2805 1277 2865 et

148 2917 446 2984 fideicommissariis
462 2938 531 2985 cum
554 2919 632 2984 iuris
656 2937 852 2986 successores
884 2938 945 2985 non
975 2921 1039 2985 sint
1069 2925 1101 2984 et
1130 2920 1274 2985 omnibus
1293 2944 1328 2993 20

148 3039 225 3120 ipsis
253 3056 309 3119 per
335 3042 523 3119 potestatem
553 3037 727 3106 coniunctis
756 3038 971 3106 testimonium
1000 3057 1062 3102 non
1092 3040 1274 3118 denegatur.

148 3161 197 3221 set
221 3155 316 3221 etiam
339 3157 521 3222 constitutio
543 3157 733 3222 serenissimi
749 3157 898 3238 principis
915 3157 1015 3223 nostri
1031 3156 1097 3222 lata
1112 3163 1170 3234 est,
1194 3175 1275 3238 quae

148 3274 329 3356 specialiter
361 3275 516 3340 concessit
537 3276 643 3356 legata
669 3275 708 3340 iis
738 3275 914 3357 relinquere
943 3277 996 3356 qui
1028 3277 1059 3338 in
1086 3281 1275 3341 testamento

148 3401 248 3460 testes
269 3395 478 3462 adhibeantur
500 3402 532 3460 et
554 3397 652 3461 multo
675 3396 774 3476 magis
803 3396 841 3459 iis
872 3395 926 3476 qui
955 3393 1031 3476 ipsis
1059 3412 1116 3476 per
1137 3400 1276 3475 potesta·

99 3523 213 3583 ratem
236 3520 311 3580 sunt
332 3516 500 3581 coniuncti.
531 3516 579 3580 12.
604 3513 689 3579 Nihil
710 3515 843 3580 interest
863 3515 894 3578 in
919 3530 981 3594 qua
1003 3512 1136 3577 materia
1157 3512 1274 3582 lactum
1292 3530 1330 3580 aa

147 3634 192 3700 sit
214 3637 447 3714 testamentum,
471 3642 577 3700 utrum
600 3635 631 3700 in
652 3634 768 3702 tabulis
783 3654 822 3700 an
839 3635 870 3698 in
888 3635 1005 3700 chartis
1022 3652 1061 3699 an
1076 3634 1108 3698 in
1124 3636 1274 3701 membra-

147 3756 198 3820 nis
221 3773 262 3819 an
277 3755 308 3819 in
331 3753 394 3820 alia
416 3754 557 3828 materia,
583 3753 683 3819 ueluti
698 3753 831 3836 pellibus
847 3773 902 3819 scu
920 3753 1041 3820 eboreis
1057 3752 1275 3837 pugillaribus.

198 4359 299 4410 Tbeoph.
313 4357 426 4400 Autem.
441 4369 483 4399 rec.
498 4356 588 4400 Fenini.
