3078 4882
597 467 830 531 -191-

146 659 197 718 ter
220 653 414 718 substituere
437 653 552 727 debeo;
579 652 629 718 sin
658 658 765 718 entem
787 652 958 736 legitimam
981 653 1211 718 successionem
1233 651 1279 718 in·

145 779 196 837 ter
218 771 334 839 liberos
365 791 494 838 seruere
522 773 633 850 uelim,
662 779 738 838 tunc
766 773 794 838 ei
826 773 880 856 qui
908 778 1103 853 postremum
1135 772 1278 854 impubes

147 891 288 969 decedet,
311 893 514 958 substituam:
538 893 619 957 etsi
642 891 696 956 elii
720 891 835 957 mortui
863 890 997 970 fuerint,
1026 891 1141 958 iratres
1169 901 1279 973 snper·

147 1011 239 1076 stites
261 1011 302 1077 eb
323 1012 473 1076 intestato
495 1011 704 1078 hereditatem
726 1012 895 1093 accipient,
924 1010 973 1076 sin
1002 1018 1108 1077 entem
1135 1029 1218 1078 nnus
1241 1030 1279 1078 ex

104 1131 187 1194 tiis
209 1131 379 1196 nouissime
405 1131 549 1212 impubes
577 1131 725 1207 decedat,
757 1138 832 1196 tunc
863 1129 1055 1197 substitutus
1087 1132 1202 1198 ueniet
1248 1133 1277 1194 7.
1313 1136 1330 1186 ῡ

148 1253 348 1321 Substitnere
370 1263 476 1322 entem
498 1254 656 1338 impuberi
679 1256 863 1322 nominatim
887 1273 1014 1339 possum
1037 1260 1070 1320 et
1096 1252 1217 1318 dicere:
1245 1251 1279 1317 si

147 1372 265 1438 iilius
286 1391 394 1440 meus
416 1374 534 1441 heres
555 1375 682 1441 fectus
698 1375 877 1457 impubes
892 1370 1127 1449 decesserit,
1150 1369 1279 1437 Titius

148 1495 186 1558 ei
207 1492 321 1560 heres
345 1500 438 1560 esto.
461 1512 590 1576 possum
614 1500 646 1560 et
668 1495 843 1576 generatim
866 1493 895 1560 ei
917 1495 1127 1572 substituere3
1149 1496 1187 1557 ut
1208 1510 1280 1560 ecce

148 1613 257 1694 plures
278 1613 411 1679 heredes
437 1615 634 1679 instituerem
658 1614 750 1679 simui
772 1632 843 1682 cum
865 1613 929 1680 filio
952 1633 1030 1691 meo,
1053 1614 1115 1693 uel,
1136 1612 1279 1696 pluribus

149 1730 320 1796 heredibus
343 1732 512 1810 institutis,
535 1732 633 1798 filium
664 1733 941 1800 exheredenerem:
970 1750 1098 1816 possum
1129 1733 1157 1799 ei
1187 1728 1331 1814 gene-1⁰

149 1850 245 1916 ratim
268 1851 462 1917 substituere
483 1852 542 1917 hoc
564 1853 673 1925 modo;
696 1851 881 1934 quisquis
908 1850 1004 1916 mihi
1031 1852 1138 1935 petri
1165 1852 1280 1918 heres

150 1969 287 2036 eritis
313 1968 401 2035 filio
431 1987 513 2035 meo
542 1970 577 2034 si
604 1970 781 2051 impubes
807 1970 1046 2049 decesserit,
1080 1977 1163 2038 esto
1188 1972 1280 2038 snb·

150 2091 332 2154 stitutus.
360 2088 474 2168 quibus
491 2089 597 2155 uerbis
613 2108 651 2155 ex
666 2090 891 2156 substitutione
905 2087 951 2155 illi
974 2090 1014 2156 ed
1037 2091 1207 2172 impuberis
1229 2109 1281 2157 res

152 2208 360 2285 uocabantur,
384 2209 439 2290 qui
462 2209 594 2275 heredes
617 2215 692 2274 sunt
714 2209 851 2275 instituti
874 2216 907 2275 et
933 2211 1113 2276 extiterunt.
1159 2228 1232 2274 nem
1255 2210 1282 2275 si

152 2327 287 2392 heredes
308 2325 447 2420 instituti
469 2327 640 2408 principale
663 2328 901 2410 repudienerint
923 2332 1155 2404 testamentum,
1178 2345 1282 2409 neque
1302 2333 1333 2384 1⁶

153 2466 191 2513 ex
213 2444 363 2528 pupillari
386 2446 611 2513 substitutione
633 2445 752 2527 eliquid
776 2447 941 2529 accipient.
966 2445 1154 2512 diuiduntur
1175 2453 1282 2512 autem

151 2566 235 2632 bone
257 2563 367 2647 pnpilli
390 2583 447 2647 pro
469 2572 559 2648 perte
581 2566 787 2645 hereditarie,
809 2567 894 2631 idest
916 2584 972 2648 pro
995 2585 1058 2648 que
1086 2571 1176 2648 parte
1198 2565 1282 2648 petri

107 2707 132 2759 s,
152 2695 382 2752 successerunt.
420 2687 450 2750 8.
485 2687 542 2753 Set
562 2686 635 2753 filiis
658 2686 785 2770 quidem
809 2687 954 2754 masculis
975 2687 1016 2752 ed
1039 2704 1157 2753 annum
1180 2703 1281 2768 usqne

152 2805 459 2883 quattuordecimum
488 2807 681 2872 substituere
709 2807 797 2886 iicet,
829 2807 953 2873 teminis
981 2813 1088 2872 autem
1118 2825 1219 2889 usque
1239 2806 1281 2872 ed

153 2924 382 2991 duodecimum.
420 2926 480 2990 hoc
502 2927 584 2991 enim
607 2931 731 3008 tempus
754 2927 781 2990 si
803 2924 1003 3005 excesserint,
1027 2926 1188 2992 euanescit
1210 2927 1282 2993 snb·
1299 2943 1334 2995 eo

110 3063 134 3115 9.
154 3044 290 3108 stitutio.
335 3044 365 3105 9.
400 3043 557 3109 Extraneo
584 3044 636 3109 uel
666 3043 778 3125 puberi
813 3042 879 3109 filio
906 3044 1015 3109 heredi
1045 3046 1163 3124 scripto
1190 3063 1282 3111 nemo

153 3161 346 3228 substituere
367 3167 474 3244 potest
495 3164 536 3228 ad
558 3162 792 3230 similitudinem
821 3162 955 3229 tiliorum
982 3164 1193 3246 impuberum,
1222 3162 1282 3230 hoc

153 3281 261 3347 modo:
290 3280 384 3346 »iile
406 3281 497 3346 mihi
520 3283 640 3348 heres
663 3289 760 3357 esto,
783 3282 846 3346 sin
870 3288 999 3347 antem
1021 3281 1281 3348 heresiactus

155 3398 259 3480 (uerbi
280 3399 398 3481 gretia)
420 3407 511 3465 ente
534 3399 807 3481 trigensimum
830 3418 967 3466 annum
995 3399 1223 3466 decesserit
1245 3401 1280 3466 ei

153 3518 270 3584 heres
293 3517 365 3584 ille
387 3523 503 3584 esto«
552 3523 601 3584 set
622 3519 681 3585 hoc
702 3525 824 3585 tentum
853 3519 944 3584 nobis
969 3518 1073 3585 facere
1095 3521 1281 3602 permissum
1298 3528 1332 3581 25
