3078 4882
606 413 837 478 ⁶198-

159 602 239 686 μένα
262 605 298 689 τῇ
325 599 378 665 τοῦ
408 599 564 686 ἡμετέρου
593 599 752 681 Ιθασιλέως
780 599 927 671 διατάξει.
979 599 1049 663 τιίτε
1084 598 1120 661 δὲ
1152 599 1224 680 οίῑ),
1246 620 1285 659 κι-

162 702 287 779 νοῦντες
306 703 362 788 τὴν
384 703 422 766 δε
443 700 619 769 inofficioso
641 703 778 790 ἰσχυρῶς
800 701 895 788 ταύτῃ
915 702 1098 788 χρήσονται,
1120 701 1209 788 ηνίκα
1231 700 1287 764 πάι

161 827 221 892 σης
248 805 393 890 ἑτέρας’)
423 805 604 891 ἐστέρηνται
629 804 802 892 βοηθείας·
835 804 948 893 ἐσχάτη
979 805 1040 890 γάρ
1068 801 1152 866 ἐστιν
1178 804 1197 889 η
1224 803 1286 866 ἀπὸ

159 911 216 994 τῆς
238 907 278 974 de
299 907 474 974 inofficioso
495 908 648 993 βοήθεια·
672 909 688 969 ὁ
712 907 773 993 γὰρ
795 904 940 992 εὐπορῶν
959 906 1071 990 ἑτέρου
1094 904 1210 970 δικαίου
1239 903 1285 966 δι’

126 1008 229 1094 505⁸)
263 1010 430 1097 δυνὴσηται
464 1011 518 1096 τὴν
549 1015 649 1074 πᾶσαν
677 1007 731 1072 τοῦ
759 1009 1000 1094 τελευτησαντος
1027 1007 1135 1089 λαβεῖν
1164 1029 1286 1092 περιου-

162 1113 230 1177 σίαν
253 1112 272 1199 ἢ
293 1114 392 1200 μέρος
413 1112 509 1199 αὐτῆς
536 1112 592 1177 οδκ
620 1111 684 1200 ἔχει
712 1112 852 1196 πάροδον
876 1111 924 1173 ἐπὶ
951 1111 1005 1197 τὴν
1035 1108 1074 1173 de
1100 1108 1284 1173 inofficioso.

163 1215 309 1279 τοῦτοδὲ
332 1215 486 1299 οδμθνον
509 1216 579 1298 περί
607 1220 671 1279 τῶν
701 1214 734 1278 ἐν
762 1213 853 1299 φύσει
880 1214 1015 1288 παίδων,
1044 1213 1122 1276 ἀλλὰ
1147 1212 1208 1296 γὰρ
1238 1213 1287 1274 καὶ

161 1317 210 1381 ἐπὶ
230 1317 408 1400 postdmwn
432 1317 572 1381 νοεῖσθαι
590 1319 664 1404 χρη.
709 1319 738 1381 3.
779 1317 876 1380 Ταῦτα
898 1316 934 1379 δὲ
958 1315 1041 1379 οὕτω
1064 1315 1234 1404 δεχόμεθα,
1258 1315 1287 1378 εἰ
1302 1326 1328 1377 3.

159 1420 258 1506 μηδὲν
280 1421 385 1494 αὐτοῖς
400 1421 560 1494 παντελῶς
574 1419 633 1484 ὑπὸ
647 1422 703 1484 τοῦ
719 1420 959 1506 τελευτησαντος
974 1418 1171 1503 κατελείφθη,
1195 1420 1286 1480 τοῦτο

113 1543 143 1591 10
161 1525 222 1606 γὰρ
243 1525 293 1586 καὶ
320 1522 355 1586 ἐκ
377 1523 550 1597 διατάξεως
572 1525 626 1584 τοῦ
647 1521 811 1586 θειοτάτου
834 1521 1020 1607 ἡμετέρου)
1047 1519 1203 1604 βασιλέως
1224 1520 1287 1584 ἐπι-

163 1626 303 1712 νενόηται
325 1627 362 1710 τῇ
385 1623 476 1708 φύσει
500 1626 553 1708 τὴν
577 1624 799 1709 προσηκουσαν
822 1621 1043 1698 ἀποσώζοντος
1064 1621 1155 1687 αίδώ.
1194 1625 1286 1688 πάλαι

161 1727 230 1813 γὰρ,
253 1726 281 1789 εί
301 1727 345 1812 μὴ
369 1727 402 1788 τδ
425 1724 628 1810 ὀφειλόμενον
651 1725 733 1788 ιίπαν
754 1723 962 1809 κατελείφθη,
985 1722 1108 1786 ἐδίδοτο
1136 1727 1229 1812 γώρα
1249 1734 1289 1812 τῇ

161 1827 201 1894 de
228 1825 413 1893 inofficioso·
472 1826 554 1890 οἷον·
581 1813 833 1910 ονομισμάτων
864 1825 929 1912 είγέ
956 1849 1001 1902 τις
1030 1825 1185 1909 οὐσίανί)
1221 1825 1286 1891 ἔδει

161 1929 254 1993 αὐτὸν
277 1914 455 2013 πάντωςρ
476 1930 553 2011 ναί)
593 1931 781 2010 καταλιπεῖν,
814 1927 954 1993 τουτέστι
989 1930 1024 1990 τὸ
1052 1928 1201 2013 τέταρτον
1229 1934 1285 2017 τῆς

113 2067 143 2117 15
161 2031 277 2110 οὐσίας,
301 2031 349 2095 ίνα
369 2032 413 2117 μὴ
436 2033 547 2119 κινηθῇ
568 2031 619 2118 ηί)
648 2031 689 2096 de
710 2030 897 2096 inofficioso.
948 2031 1087 2116 σήμερον
1117 2030 1154 2094 δὲ
1182 2033 1209 2096 εῖ
1236 2037 1286 2098 καί

161 2133 194 2197 ἓν
217 2134 349 2219 νόμισμα
370 2136 417 2220 τῷ
439 2132 642 2218 οκλιετθάέλιρ
665 2132 684 2219 ἢ
707 2135 757 2197 καί
784 2132 976 2220 ὁσονδηποτε
1004 2132 1104 2218 μέρος
1133 2137 1189 2218 τῆς
1217 2135 1286 2220 κλη·

157 2236 308 2322 ρονομίιις
332 2235 532 2322 καταλειφθῇ,
555 2235 650 2322 ἤγουν
674 2236 722 2298 καί
744 2239 872 2320 πρᾶγμα
894 2233 1096 2321 οἱανδήποτε,
1123 2235 1143 2320 η
1174 2235 1208 2298 ἐκ
1229 2239 1286 2321 τῆς

161 2338 201 2404 de
222 2337 399 2404 inofficioso
420 2337 535 2423 μέμψις
556 2337 695 2425 ἀργεῖί),
722 2341 779 2422 τῆς
801 2337 976 2411 διατάξεως
1004 2339 1040 2399 τδ
1070 2336 1209 2400 ἐλλεῖπον
1239 2341 1285 2423 τῷ

160 2442 301 2526 τετάρτῳ
323 2445 379 2527 τῆς
401 2439 439 2513 ἐξ
459 2440 627 2505 ιίδιαθέτου
647 2438 763 2525 μοίρας
785 2437 1032 2525 ἀναπληρούσης,
1057 2439 1083 2501 εί
1104 2441 1154 2502 καί
1176 2440 1214 2504 τὰ
1226 2442 1285 2525 μά-

110 2574 144 2625 20
162 2543 248 2605 λιστα
269 2543 287 2605 ὁ
311 2541 497 2627 διαθέμενος
519 2541 574 2604 οὐκ
596 2540 809 2627 ἐνέγραφετῇ
836 2539 933 2628 ολκείᾳ
951 2543 1053 2628 χειρί,
1083 2542 1129 2605 δτι
1158 2541 1226 2605 ἐάν
1255 2565 1286 2605 τι

162 2643 310 2730 εὑρεθῇ
346 2643 530 2709 ἐλλεῖπον
570 2641 765 2725 βούλομαι
804 2643 900 2706 αὐτὸ
938 2643 1285 2730 ἀναπληρωθῆναι

161 2744 303 2830 ἀνδρὸς
324 2744 474 2828 ἀγαθοῦ
494 2745 686 2832 μεσιτείᾳ.
732 2749 822 2808 τοῦτο
844 2747 905 2829 γὰρ
927 2747 978 2808 καί
995 2747 1040 2832 μ)
1064 2748 1284 2831 προσκείμενον

110 2867 113 2874 ’
161 2849 180 2934 ἡ
204 2848 280 2933 αὐτη
301 2846 440 2924 διάταξις
461 2851 506 2924 ὡς
528 2848 619 2932 φύσει
641 2849 859 2931 παρεπόμενον
881 2847 1014 2934 δέχεται.
1022 2849 1048 2930 ⁹)
1083 2851 1113 2912 4.
1147 2847 1218 2912 Ἐάν
1242 2872 1284 2924 τις
1301 2855 1327 2904 4-

161 2950 334 3036 ἀσπάσηται
358 2952 411 3036 την
432 2954 488 3014 τοῦ
511 2952 629 3034 πατρὸς
650 2949 813 3036 βούλησιν,
837 2949 873 3011 οὐ
897 2949 1024 3014 δύναται
1051 2951 1190 3036 amum)
1214 2952 1285 3014 ἀνα-

111 3082 144 3134 25
162 3052 283 3136 τρέπειν
306 3052 358 3115 διὰ
385 3057 440 3139 τῆς
467 3051 507 3118 de
534 3051 721 3118 inofficioso.
778 3051 854 3114 ὅθεν
884 3053 945 3137 δρα
975 3051 1041 3115 οἷον
1070 3051 1217 3141 ἐζητηθη.
1267 3057 1285 3116 δ

162 3154 237 3237 ἐμὸς
251 3153 441 3230 ’ὑπεξούσιος
461 3154 652 3239 ἐπετρόπευε
681 3153 807 3238 pupsslu
836 3155 924 3229 τινάς.
968 3156 1124 3220 τελευτῶν
1152 3156 1215 3240 ἐγὼ
1237 3157 1285 3220 καί

161 3259 286 3342 γράψας
308 3259 418 3344 ἕτερον
438 3257 645 3345 κληρονόμον,
675 3259 730 3321 τὸν
759 3256 881 3340 ἐμδνῑῑ)
909 3257 1089 3329 ὑπεξούσιον
1112 3259 1286 3324 exheredd

161 3363 262 3438 tonsa,
286 3359 499 3445 κατέλειῴαῑί)
524 3360 559 3423 δέ
582 3360 714 3442 ληγάτον
745 3363 791 3444 τῷ
813 3358 961 3444 ραρίλλφ,
985 3357 1084 3446 οὗπερ
1106 3359 1144 3446 ἦν
1166 3361 1284 3445 ἐπίτρο-

163 3481 229 3534 πος.
273 3461 414 3550 ὰπῄτησε
437 3465 471 3527 τδ
494 3464 626 3549 ληγάτον
649 3462 765 3547 θιέμδς
787 3466 858 3538 παῖς
878 3465 914 3527 τὸ
935 3463 1141 3544 καταλειφθὲν
1156 3466 1208 3548 τῷ
1229 3483 1285 3545 pu-

112 3589 147 3640 30
164 3562 266 3648 φίλλῳ·
286 3565 368 3646 μετὰ
390 3563 485 3628 ταῦτα
506 3565 654 3648 βούλεται
676 3569 797 3651 κινῆσαι
817 3567 872 3651 τὴν
888 3563 929 3630 de
950 3564 1137 3644 inofficioso,
1163 3569 1209 3642 ὡς
1227 3589 1284 3652 μη·

163 3663 217 3727 δὲν
240 3663 321 3752 ἔχων
342 3665 378 3728 ἐκ
400 3672 455 3754 τῆς
478 3666 672 3753 πατρῴαςῑέ)
696 3665 884 3750 περιουσίας.
919 3666 982 3751 ἇρα
1005 3667 1133 3732 δύναται
1155 3666 1219 3754 ηῑί)
1239 3668 1284 3752 μή

163 3852 186 3917 ¹)
205 3850 230 3906 d.
251 3849 291 3904 vi.
309 3852 341 3906 R.
402 3853 426 3918 ν)
444 3851 470 3906 d.
489 3851 529 3906 vi.
547 3851 579 3908 R.
637 3853 661 3916 ι)
678 3850 703 3905 d.
722 3850 760 3904 M.
811 3854 835 3920 ι)
853 3853 906 3906 και
926 3858 976 3906 ιιι.
996 3854 1084 3922 ηραν.
1135 3855 1158 3918 ι)
1176 3841 1285 3920 περιοὸ.

163 3934 221 3987 σίᾱν
242 3935 284 3990 Vi.
302 3934 335 3991 R.
442 3934 836 4001 ⁶)d.1,1.121⁸.L⁸.Vi.R.
940 3938 963 4005 ⁷)
982 3938 1083 3992 Addidi
1100 3953 1161 3992 cum
1180 3937 1222 3992 Vi.
1239 3935 1283 3990 R.:

162 4022 222 4092 κινῇ
239 4021 257 4074 l.
275 4021 324 4076 11⁸.
437 4024 459 4088 ΙΙ)
475 4024 531 4090 γὰρ
549 4022 575 4074 ελ
592 4023 630 4078 Μ.
769 4023 793 4088 ⁹>
810 4022 848 4075 M.
867 4023 931 4076 L⁶.z
950 4024 1008 4093 δέχ.
1028 4024 1065 4083 ιίις
1081 4040 1109 4090 φ.
1127 4042 1155 4076 π.
1174 4023 1221 4076 Ll.
1240 4022 1284 4076 R:

162 4110 286 4174 φυσικῶς
305 4109 489 4180 παραδέχεται
505 4107 588 4178 ἤγουν
607 4111 644 4170 ως
660 4128 689 4178 φ.
708 4129 735 4166 π.
753 4107 795 4162 Vi.
814 4108 847 4165 R.
981 4110 1018 4176 10)
1035 4109 1088 4162 M.:
1107 4116 1159 4164 cet.
1175 4108 1285 4177 ταύτην.

164 4193 198 4260 ¹¹)
217 4191 242 4246 d.
261 4192 300 4249 M.
404 4193 438 4262 1θ)
457 4195 598 4248 -έλειπον
617 4195 659 4248 Vi.
677 4195 711 4249 R.
816 4195 851 4260 1³)
869 4195 1012 4264 προτέρας
1029 4193 1077 4247 Ιιθ.
1153 4194 1188 4260 14)
1205 4192 1230 4244 ελ
1246 4191 1284 4246 Μ.
