3022 4884
570 405 803 468 -119-

119 609 177 656 res
200 590 298 656 rheda
320 591 463 658 excidere
484 591 631 674 portigit,
662 610 711 657 me
740 609 802 658 non
831 591 1041 676 intellegente.
1091 609 1153 658 uon
1176 589 1252 658 fient

120 711 186 776 hee
209 727 327 788 eorum,
349 710 403 792 qui
417 710 588 785 inuenient,
610 715 659 774 set
675 711 708 774 in
726 727 794 776 meo
817 710 953 778 dominio
976 720 1131 778 muniunt.
1159 710 1252 778 detur

121 833 233 895 autem
254 828 329 894 mini
345 829 391 894 rei
413 829 583 896 uindicetio
605 829 687 896 ectio
710 830 751 896 ad
766 828 975 897 exhibendum
990 831 1073 896 notio
1088 823 1164 896 ¹lurti
1180 847 1253 897 eon·

123 948 224 1013 dictio
245 947 372 1013 lustina.

355 1557 402 1622 De
425 1557 520 1624 rebus
542 1557 799 1639 incorporalibus.
844 1557 968 1624 Titulus
991 1559 1020 1622 2.

214 1741 357 1808 Diximus
379 1741 524 1824 superius
547 1743 586 1808 de
607 1761 713 1808 rerum
736 1742 906 1821 diuisione,
937 1762 1069 1825 querum
1100 1745 1253 1826 quaedam
1289 1756 1305 1808 5

124 1861 289 1928 naturales
313 1865 388 1927 sunt
409 1861 492 1926 idest
513 1861 591 1926 iuris
612 1862 770 1942 gentium,
793 1861 946 1941 quaedem
976 1862 1134 1944 publicae,
1160 1881 1255 1947 quee-

125 1983 202 2046 dam
225 1979 453 2059 uniuersitatis,
477 1981 630 2061 quaedam
653 1979 778 2060 nullius,
802 1987 906 2047 cetere
929 1981 1134 2064 singulorum.
1156 1989 1189 2049 el
1210 1981 1254 2048 dl·

124 2101 233 2166 ximus
254 2098 455 2165 multifarium
478 2099 511 2164 in
533 2106 674 2164 nostrum
696 2099 867 2165 dominium
890 2117 940 2165 res
962 2101 1107 2166 transire.
1146 2101 1255 2168 modos

122 2224 234 2286 autem
264 2217 425 2284 naturales
452 2218 510 2286 hos
540 2218 772 2299 proposuimus:
807 2217 1006 2286 uenationem
1036 2220 1185 2301 praedem
1212 2219 1255 2285 lo·

122 2335 219 2419 pillos
240 2339 273 2404 in
300 2337 393 2404 litore
419 2338 515 2404 merie
537 2343 679 2420 repertos
701 2338 784 2404 letus
806 2358 845 2404 ex
865 2338 1037 2420 pecudibus
1066 2340 1182 2407 nostris
1204 2355 1309 2408 nie-10

122 2465 178 2522 tos
200 2455 388 2523 alluuionem
411 2456 545 2523 insulem
566 2458 599 2522 iu
621 2457 710 2536 mori,
732 2457 824 2540 quoii
840 2460 962 2539 rarius,
990 2459 1043 2526 uel
1063 2458 1096 2523 in
1117 2455 1254 2536 flumine,

123 2575 213 2656 quon
236 2573 361 2654 saepius
383 2575 512 2654 uncidin,
535 2580 658 2654 netum,
681 2557 758 2642 item
787 2582 819 2644 et
848 2595 945 2660 prope
975 2576 1092 2643 leolum
1119 2574 1256 2642 fluminis

123 2693 271 2760 relietum
293 2712 387 2776 ngroe
409 2694 526 2761 hebere
548 2699 581 2760 et
607 2713 645 2760 ex
672 2694 775 2761 alieno
803 2696 936 2762 materie
965 2697 1101 2777 speciem
1131 2691 1255 2770 efficere

123 2811 180 2880 nel
207 2812 340 2880 alienam
370 2808 540 2896 purpuram
569 2832 627 2879 suo
655 2814 843 2881 uestimento
875 2815 1028 2882 inlexere:
1058 2813 1202 2882 similiter
1223 2820 1257 2883 el

123 2932 156 2998 si
178 2933 319 2998 duorum¹
335 2934 485 2999 materiae
507 2930 648 2998 eiusdem
678 2933 836 3002 diuersiue
865 2935 988 3016 generis
1016 2935 1180 3004 uoluntate
1203 2935 1256 3002 do·
1277 2932 1307 2986 15

123 3050 283 3118 minorum
307 3050 358 3118 uel
380 3049 520 3118 fortuitu·
536 3051 768 3121 confundentur
789 3059 822 3120 et
844 3053 871 3120 ei
898 3054 1036 3135 plurium
1059 3053 1255 3120 dominorum

122 3169 284 3236 irnmenii¹
301 3171 410 3236 noerui
436 3188 545 3237 eorum
574 3171 835 3240 oommisooentur
862 3171 1041 3251 uoluntate,
1069 3190 1131 3237 non
1160 3171 1260 3236 etiem

126 3289 159 3356 si
181 3289 276 3357 unius
297 3288 475 3356 uoluntate
490 3295 547 3356 nui
575 3289 708 3358 fortuitu
737 3292 769 3356 iu
799 3289 865 3358 fiai.
915 3291 996 3358 udde
1025 3291 1166 3372 regulum
1194 3307 1257 3373 que

123 3408 371 3490 superimposita
397 3409 548 3475 subiectis
574 3409 702 3489 cedunt,
738 3413 774 3474 ut
802 3409 909 3475 multis
938 3405 1088 3492 ex'emplis
1117 3415 1256 3491 compro·

124 3527 237 3592 belum
274 3532 332 3593 eet.
387 3534 423 3593 ut
458 3545 530 3594 ecoe
565 3527 592 3593 si
628 3547 665 3593 ex
697 3526 801 3595 alieno
840 3528 971 3594 materia
1010 3529 1043 3594 in
1075 3546 1144 3595 meo
1187 3527 1255 3594 solo
1273 3533 1308 3586 20
