3038 4884
712 425 923 488 ..51-

258 607 307 670 καὶ
327 605 527 691 adoptiones.
550 610 599 673 καῖ
620 611 730 697 πρώτη
752 609 846 698 αὕτη·
870 612 890 697 5
915 609 974 695 μὲν
995 607 1194 693 adrogatiwn
1221 609 1269 674 ἐπὶ
1289 610 1385 692 βασι·

258 707 339 784 λέως
359 708 491 791 γίνεται,
513 712 533 797 5
557 709 593 774 δὲ
613 709 777 794 αάυρίίωιι
800 711 848 776 ἐπὶ
869 711 1030 798 ἄρχοντος,
1068 711 1204 798 δευτέρα
1226 711 1294 794 δέῙ)
1319 711 1385 774 δια-

258 810 354 894 φορὰ,
377 811 423 874 ότι
444 812 464 897 5
486 811 543 897 μὲν
566 810 763 895 adrogatiwn
785 812 834 876 ἐπὶ
862 813 1086 904 αότεξυυσίων,
1114 814 1134 899 5
1162 813 1198 876 δὲ
1220 811 1387 896 αάορίίωη

259 909 307 975 ἐπὶ
330 907 520 985 ὑπεξουσίων
538 915 650 1000 χώραν
673 912 745 1002 ἔχει.
769 914 834 977 ἐστὶ
856 913 892 977 δὲ
914 916 963 977 καί
983 915 1070 1002 τρίτη
1094 914 1247 1000 διαφορδ
1271 917 1288 978 5
1311 914 1388 1000 ἀνη-

226 1013 321 1096 δβος
336 1013 543 1089 ἀὐτεξοιίσιας
565 1015 736 1088 ἐκεκώλυτο
764 1016 808 1092 εἷς
835 1013 922 1079 θέσιν
951 1017 1043 1080 πάλαι
1071 1015 1304 1099 λαμβάνεσθαι,
1335 1038 1388 1080 τε·

259 1115 398 1179 λευταῖον
421 1117 457 1180 δέ
479 1116 639 1202 ἐπετράπη
661 1116 800 1199 γίνεσθαι
819 1118 904 1201 μετά
923 1137 1003 1192 τινος
1025 1118 1262 1204 παραφυλακης.
1293 1117 1388 1205 ηνίκα
1504 1167 1505 1174 1

260 1213 315 1281 οὖν
337 1216 388 1280 διὰ
410 1217 571 1306 βασιλικῆς
593 1217 788 1307 ἀντιγραφῆς
814 1217 1015 1296 αότεξοόσιος
1042 1219 1194 1306 ἀνηβαςέ)
1223 1221 1267 1296 εἰς
1295 1216 1387 1282 θέσιν
1504 1267 1505 1280 ,

260 1318 461 1402 λαμβάνεται,
477 1319 528 1383 δεῖ
548 1318 712 1406 ζητησαιδ)
735 1320 763 1382 ελ
784 1320 883 1408 σεμνι)
905 1343 950 1395 τις
971 1320 1051 1384 αἰτία
1075 1321 1128 1407 τὴν
1151 1322 1308 1384 υἱοθεσίαν
1330 1345 1388 1383 συ-

261 1422 433 1507 νεστήσατο
457 1421 595 1485 τουτέστι
615 1421 659 1508 μὴ
682 1421 727 1484 δι’
750 1422 880 1510 αἰσχρὸν
903 1421 1008 1505 ἔρωτα
1031 1425 1084 1510 τὴν
1098 1422 1185 1488 θέσιν
1199 1425 1217 1485 5
1233 1423 1389 1508 ἐσόμενος

167 1607 170 1614 Α
211 1533 244 1588 10
261 1520 384 1605 θετδςί)
408 1525 509 1610 πατὴρ
538 1522 686 1605 γενέσθαι
706 1523 864 1606 βούλεται.
906 1526 954 1588 καὶ
975 1525 1003 1588 εί
1023 1526 1177 1590 λυσιτελεῖ
1195 1525 1316 1606 τοῦτοί)
1339 1528 1389 1610 τῷ

260 1623 392 1709 ρυρίίίῳ
417 1623 438 1711 5
461 1627 573 1711 καὶμὴ
597 1614 760 1710 συμφέρει.
806 1631 896 1714 τυχόν
918 1627 978 1714 γὰρ
1001 1627 1120 1713 ἄπορός
1147 1627 1229 1691 ἐστιν
1249 1629 1269 1690 5
1292 1629 1390 1702 θετὸς

262 1725 381 1811 πατὴρ,
416 1725 511 1801 αὐτὸς
539 1727 576 1790 δὲ
603 1727 767 1805 πλαόσιος,
805 1726 824 1814 5
856 1731 904 1792 καὶ
938 1729 1050 1794 ἐσθότε
1084 1729 1313 1817 δαπανηρὸς·1)
1346 1728 1387 1794 οιί

263 1828 457 1916 προβήσεται
487 1830 507 1915 5
542 1828 636 1904 θέσις.
686 1830 738 1892 δεῖ
769 1827 835 1912 δέί)
862 1831 948 1917 Ιπρὸς
982 1831 1099 1904 τούτοις
1132 1831 1180 1894 καί
1210 1831 1389 1916 ἀσφάλειαν

263 1934 359 1993 ποιεῖν
382 1932 434 1993 τόν
455 1925 682 2013 οᾶτοςόίοτυί)
705 1932 847 2018 δημοσίῳ
870 1935 1044 2017 προσώπῳ,
1067 1934 1206 1997 τουτέστι
1228 1931 1272 2018 τῷ
1293 1932 1389 1998 tabu·

213 2042 246 2093 15
265 2030 365 2115 Ιατίῳ,
389 2027 434 2107 ὡς
455 2032 484 2095 εἰ
505 2032 612 2119 συμβῇ
632 2036 684 2096 τδν
707 2033 750 2108 εἰς
773 2032 892 2114 θέσινῧ)
921 2034 1081 2120 ληφθέντα
1103 2035 1223 2122 ἄνηβον
1244 2034 1386 2123 τελευτῇ·

264 2157 317 2198 σαι
339 2133 621 2222 ἀποκαταστῆσαιί)
644 2135 771 2208 ἐκείνοις
793 2137 831 2198 τὰ
860 2138 1043 2220 πράγματα,
1074 2137 1102 2202 οἳ
1131 2135 1257 2218 ἔμελλον
1285 2135 1389 2200 ἐλθεῖν

263 2235 313 2298 ἐπὶ
334 2236 385 2297 τὸν
408 2233 506 2301 αὐτοῦ
525 2234 694 2324 κλῆρονθ).
717 2235 782 2316 εἴγε
802 2240 846 2324 μὴ
870 2235 987 2302 ἔδωκεν
1015 2239 1109 2302 αὑτὸν
1133 2239 1177 2315 εἷς
1192 2239 1286 2303 θέσιν.
1319 2237 1389 2301 ἀλλ’

264 2334 340 2400 οὐδὲ
361 2336 479 2420 ἑτέρως
505 2339 559 2399 τδν
591 2341 727 2404 τοιοῦτον
757 2339 876 2425 ἀνηβον
905 2339 1127 2423 emancipaton
1159 2342 1176 2404 5
1206 2338 1391 2422 adrogz'ttwr

265 2443 361 2503 ποιεῖν
385 2439 527 2518 δύναται,
551 2438 579 2503 εί
598 2443 642 2528 μὴ
666 2437 801 2523 εὐλόγου
823 2441 921 2516 αἰτίας
948 2441 1183 2532 ἀποδειχθείσης
1211 2442 1254 2526 (τί
1281 2442 1391 2525 γὰρῐῑ)

215 2546 251 2599 50
271 2540 342 2622 εἷλ’)
366 2541 557 2623 ἐπεβούλευε
578 2543 626 2626 τῷ
655 2541 743 2628 θετῷ
772 2545 864 2626 πατρί
891 2541 910 2629 5
941 2544 1032 2624 κοίη)
1061 2545 1170 2628 ἐτερόν
1200 2569 1226 2607 τι
1254 2543 1391 2628 ἔπραξεν

272 2642 352 2726 όπερ
374 2641 461 2715 ἄξιον
484 2641 627 2724 αὐτὸνῑί)
657 2643 753 2707 ἐποίει
781 2643 835 2710 τοῦ
863 2643 1052 2732 ἐκβληθῆναι
1079 2645 1135 2734 τῆς
1164 2648 1218 2710 τοῦ
1246 2645 1391 2726 θετοῦη)

268 2739 389 2828 πατρὸς
410 2743 685 2830 ὑπεξυυσιότητσς,
708 2745 941 2827 ἀποδιδομένων
964 2745 1053 2832 αὐτῷ
1082 2746 1224 2832 δηλονότι
1252 2752 1314 2810 τῶν
1337 2743 1392 2813 ὑπ’

268 2842 366 2908 αὐτοῦ
388 2844 677 2929 προςπορισθέντων
700 2849 893 2930 πραγμάτων
915 2849 1003 2932 τῷδε
1023 2851 1070 2933 τῷ
1092 2848 1193 2932 πατρί.
1238 2849 1264 2912 εί
1287 2850 1392 2912 δὲκαὶ
1505 2897 1506 2900 ,

270 2948 423 3010 τελευτῶν
446 2948 464 3008 5
487 2945 581 3020 θετὸς
610 2948 712 3034 πατὴρ
739 2947 1010 3015 θκίιετυάίιίθυεεη
1039 2948 1135 3015 αὐτὸν
1145 2949 1182 3034 ¹⁶)
1212 2948 1233 3035 5
1258 2953 1309 3014 καί
1339 2973 1392 3014 πε-

216 3068 250 3121 25
267 3049 349 3132 μιὼν
372 3047 494 3128 ἀλόγως
515 3046 659 3135 ἐποίησεν
682 3048 916 3131 ειυουυίριιίου,
938 3050 1096 3114 κελεύεται
1118 3047 1153 3113 τὸ
1166 3050 1316 3135 τέταρτον
1337 3052 1392 3136 μέ·
1490 3103 1492 3108 .

264 3172 325 3239 ρος
348 3155 409 3214 τῶν
433 3150 554 3214 αλκείων
576 3154 768 3237 πραγμάτων
791 3151 879 3238 αὐτῷ
900 3152 1086 3236 καταλείβαι,
1110 3153 1315 3240 ἐξηρημένων
1338 3155 1393 3239 δη-

271 3253 351 3339 λαδὴ
375 3255 436 3315 τῶν
458 3251 508 3316 ἐπὶ
530 3250 583 3316 τὸν
606 3251 698 3316 θετὸν
729 3255 851 3338 πατέρα
878 3254 1131 3342 μετενεχθέντων
1158 3255 1207 3317 καὶ
1234 3253 1279 3317 ὧν
1305 3252 1395 3341 αὐτῷ

336 3493 360 3556 1)
378 3489 403 3543 d.
422 3489 453 3543 P.
471 3489 514 3543 vi.
531 3487 564 3543 R.
632 3488 655 3554 1)
673 3487 714 3544 ἀν.
732 3491 793 3544 αδτ.
810 3491 898 3547 vm
967 3493 990 3558 ³)
1009 3492 1034 3547 d.
1053 3492 1084 3546 F.
1101 3491 1134 3548 R.
1211 3493 1235 3559 ⁴)
1253 3492 1394 3551 λυσιτελὲς

274 3579 355 3630 τοῦτο
375 3574 407 3628 F.
427 3573 460 3628 R„
478 3573 568 3643 τούτῳ
584 3573 614 3627 Ρ.
633 3574 728 3628 otL1.
746 3579 793 3629 2ο.
811 3591 846 3629 m.
1005 3577 1132 3645 1)καίελ
1149 3580 1231 3631 τοῦτο
1248 3579 1345 3645 φανείη
1363 3576 1393 3629 Ρ.

268 3662 348 3716 Ταυτ.
367 3660 432 3714 add.
450 3659 494 3712 καί
512 3658 537 3711 ελ
554 3659 583 3710 ἓν
603 3659 638 3721 ἐξ
651 3659 742 3712 αὐτῶν
760 3663 836 3732 φανῇ
853 3660 886 3715 R.
988 3663 1011 3730 ⁶)
1028 3663 1083 3731 γὰρ
1100 3663 1131 3717 Ρ.
1147 3663 1229 3717 Ταυτ.
1303 3663 1326 3726 1)
1343 3660 1393 3713 hl.

269 3751 331 3801 cett.
351 3745 412 3799 add.
434 3746 472 3802 ἐν.
593 3746 616 3813 ⁸)
634 3745 676 3800 de.
697 3745 728 3801 F.
841 3748 864 3814 9)
884 3747 1105 3818 ἀποκαταστήσει
1126 3748 1208 3802 Taur.
1226 3745 1268 3800 Vi.
1286 3745 1328 3813 R„
1347 3745 1395 3814 qui

271 3849 361 3884 -σειν
380 3830 414 3898 ej.
519 3833 555 3896 ¹⁰)
573 3831 623 3901 τὴν
649 3871 655 3884 .
674 3830 900 3901 ..κληρονομίαν
919 3831 949 3886 P.
968 3832 1049 3888 Taur.
1179 3833 1215 3900 11)
1234 3831 1276 3883 ότι
1293 3831 1343 3884 ins.
1362 3830 1394 3884 F.

270 3915 306 3972 R.
375 3915 559 3986 1²)5vi.1³.
628 3917 664 3982 ¹³)
682 3916 708 3971 d.
726 3916 768 3972 vi.
785 3917 819 3972 R.
900 3918 937 3983 11)
954 3916 1050 3970 έαυτδν
1069 3915 1111 3969 vi.
1129 3914 1163 3969 R.
1265 3914 1343 3981 11)(1.
1362 3914 1395 3969 F.

270 4002 305 4069 ¹⁶)
324 3997 406 4070 ἤγουν
427 4001 580 4070 ἀπόκληρσν
599 4001 681 4054 αότδν
701 4002 824 4071 ἐποίησεν
843 4000 903 4057 add.
922 4001 965 4056 vi.
983 4001 1017 4057 R.

342 4108 369 4171 α)
388 4104 480 4159 eadem
501 4103 564 4172 Epi.
580 4107 606 4171 5,
623 4107 658 4158 24
674 4103 713 4171 (Z.
732 4097 785 4174 28).
815 4104 855 4160 ef.
873 4104 954 4157 etiam
973 4104 1033 4160 Gai.
1054 4107 1155 4171 1,102.
