3058 4890
612 481 652 492 —
698 443 766 507 253·
804 479 845 491 -

166 635 198 700 si
222 635 294 717 quis
312 639 423 700 antem
441 630 597 698 codicillos
621 650 689 697 cum
713 630 835 710 iecerit,
865 632 1058 714 superuiuat:
1080 637 1215 711 atquet
1202 639 1294 698 t·este

136 793 149 802 ι-
170 761 234 832 tur,
243 750 448 848 Papinianus
471 771 531 816 uon
555 750 610 815 alit
597 758 646 815 ter
668 751 753 815 uires
773 751 892 854 habere
916 745 1143 816 codicillost
1088 759 1143 816 unt
1145 771 1181 816 ea
1197 748 1295 816 iactos

169 873 231 950 ait,
262 889 355 954 qnam
384 869 409 936 si
420 845 638 972 specialiter
630 889 661 934 ιιι
684 867 746 934 ttes
748 877 871 935 amento
854 888 948 935 eoos
976 869 1223 948 confirmaue'rit,
1252 871 1295 934 di·

169 1011 261 1057 cens:
287 1009 405 1079 ‘quos
428 999 496 1055 ant
504 1011 520 1056 e
544 992 827 1055 testamentum
856 990 1067 1056 codicillos
1091 990 1165 1056 ieci
1187 997 1296 1055 ratos

167 1112 333 1177 haheo«.
378 1118 426 1175 set
448 1111 525 1175 haec
554 1110 678 1192 quidem
700 1086 906 1191 Papinianus,
933 1082 996 1175 diui
1025 1116 1129 1175 autem
1160 1110 1296 1197 Seuerus
1333 1133 1347 1182 ι

170 1239 206 1296 et
240 1231 415 1294 Antoninus
453 1230 681 1311 rescripserunt
716 1228 954 1294 fideicommissa
985 1231 1016 1293 in
1046 1229 1196 1295 codicillis
1224 1239 1297 1295 ante

171 1349 343 1415 testament
330 1357 396 1414 tum
420 1321 544 1431 scriptis
567 1346 676 1414 relicta
697 1327 828 1430 prorsus
851 1349 915 1430 peti
939 1339 1040 1429 posse,
1064 1345 1137 1415 licet
1123 1356 1219 1414 tnou
1236 1351 1298 1415 sint

173 1468 347 1535 confirmat
324 1476 358 1547 tr,
383 1469 443 1533 nisi
466 1475 562 1533 ttesta
564 1486 600 1533 or
626 1468 816 1576 expresserit
844 1488 878 1534 se
908 1488 926 1532 a
957 1468 1121 1558 uoluntate
1090 1473 1242 1550 tquam
1266 1471 1297 1534 in

123 1600 153 1650 2.
174 1587 324 1694 codicillis
347 1565 523 1692 scripsisset
546 1579 721 1690 recessisse
752 1586 785 1650 2
819 1563 969 1689 Regula
962 1589 1039 1653 ruris
1062 1579 1224 1694 generalis
1241 1598 1297 1682 est,

176 1687 239 1790 qua
261 1683 410 1778 codicillis
432 1685 608 1792 hereditas
607 1726 724 1789 neque
736 1683 805 1772 dori
834 1725 934 1787 neque
962 1707 1071 1772 adimi
1085 1714 1198 1787 potest.
1241 1708 1299 1772 ιιι
1320 1708 1351 1758 10

177 1847 238 1909 que
267 1847 328 1891 non
351 1845 477 1909 possum
512 1825 669 1892 codicillos
701 1827 747 1890 ιιι
779 1827 895 1892 iacere:
932 1827 1024 1892 »ille
1058 1828 1149 1891 mihi
1182 1828 1300 1892 heres

177 1953 305 2021 esto«,
342 1948 392 2011 uel
419 1948 571 2013 scribere:
609 1947 748 2012 »iilius
778 1967 886 2012 meus
915 1948 1076 2012 exheres
1112 1955 1224 2013 esto«
1261 1967 1299 2012 ιιιι

178 2067 408 2134 conluudantur
423 2069 492 2132 iura
508 2070 685 2132 testamenti
701 2074 795 2150 atque
811 2067 1020 2134 codicillorum
1037 2075 1069 2133 et
1081 2067 1232 2152 distingui
1248 2087 1299 2132 ne-

178 2194 302 2272 queant.
349 2195 380 2252 et
402 2188 481 2260 ideo,
505 2189 550 2252 uti
574 2189 690 2253 dictum
713 2195 770 2266 est,
795 2208 895 2270 neque
917 2188 1100 2253 exheredem
1123 2187 1226 2253 iacere
1249 2207 1301 2252 ne·

179 2328 239 2391 que
271 2305 418 2374 heredem
448 2307 613 2372 instituere
645 2308 676 2370 in
710 2306 859 2372 codicillis
892 2305 981 2386 licet;
1015 2305 1301 2371 fideicommissario
1322 2313 1351 2362 15

180 2447 256 2492 uero
289 2427 447 2492 hereditas
476 2425 608 2507 relinqui
635 2432 748 2506 potest.
800 2427 878 2490 adeo
906 2445 981 2490 uero
1012 2425 1163 2490 eiusmodi
1192 2426 1301 2507 regula

181 2545 315 2627 optinet,
340 2551 375 2609 ut
397 2545 425 2608 si
447 2543 585 2608 Primum
609 2565 686 2625 pure
714 2546 860 2610 heredem
889 2547 1056 2626 scripsero,
1086 2565 1147 2610 non
1176 2564 1301 2626 possum

181 2665 211 2729 in
235 2665 383 2730 codicillis
407 2665 616 2732 condicionem
640 2668 772 2744 adicere,
796 2673 827 2730 et
849 2667 965 2732 dicere:
995 2667 1124 2731 »heres
1148 2675 1247 2740 esto,
1270 2668 1302 2730 si

182 2786 296 2850 nauis
319 2805 360 2850 ex
384 2787 474 2850 Asia
496 2787 683 2850 uenerit«
713 2805 784 2849 narn
808 2788 834 2849 si
856 2785 1068 2866 acceperimus
1092 2785 1301 2850 condicionem

183 2906 313 2970 ethaeo
336 2922 397 2969 non
421 2906 572 2983 extiterit,
595 2905 756 2970 uidebitur
778 2912 911 2971 testator
940 2925 995 2987 per
1023 2906 1234 2971 condicionem
1257 2925 1302 2970 co·
1320 2917 1353 2967 2ο

182 3025 293 3090 dicillis
316 3026 468 3089 adiectam
492 3023 595 3089 Primo
618 3025 823 3090 hereditatem
847 3025 979 3091 auferre.
1004 3032 1051 3091 set
1073 3041 1174 3104 neque
1196 3026 1304 3090 heredi

182 3151 370 3210 testamento
399 3146 541 3210 instituto
572 3146 601 3208 in
632 3144 780 3210 codicillis
804 3146 921 3210 directo
949 3147 1097 3211 substitui
1127 3151 1245 3228 potest,
1269 3151 1304 3208 nt
