3078 4882
601 443 835 506 -165-

154 627 360 694 nihilominus
383 633 487 694 ratum
510 629 663 708 manebit,
687 634 795 709 utpote
825 647 937 695 nouam
967 631 1125 710 quandam
1155 634 1280 695 nactum

155 747 265 813 militis
299 747 495 814 uoluntatem
524 753 596 830 post
624 747 913 830 emancipationem.
963 767 1035 814 nam
1065 767 1135 816 cum
1161 749 1193 812 id
1222 767 1282 813 non

155 875 320 946 mutasset,
343 875 447 933 ratum
469 867 503 932 id
525 885 594 934 esse
617 868 727 946 uoluit,
750 886 852 950 neque
873 867 985 949 capitis
1014 868 1186 934 deminutio
1207 866 1283 932 inri-

155 995 224 1052 tum
246 991 468 1053 testamentum
490 985 575 1064 facit,
598 1005 669 1052 cum
700 986 789 1052 miles
819 993 952 1052 testator
974 987 1024 1060 sit.
1069 1005 1160 1064 nam,
1189 985 1283 1053 sicuti

155 1104 286 1172 interius
308 1123 526 1187 proponemus,
548 1106 708 1170 testatoris
730 1104 842 1187 capitis
865 1104 1036 1170 deminutio
1059 1111 1283 1172 testamentum
1318 1105 1335 1154 ⁵

155 1226 280 1298 inritat;
303 1223 336 1289 in
358 1225 416 1290 hoc
438 1228 543 1290 autem
566 1243 640 1290 casu
664 1224 696 1288 id
718 1241 779 1289 non
802 1226 1001 1290 obseruator.
1040 1225 1212 1291 absurdum
1236 1230 1284 1291 est

156 1345 239 1410 enim
263 1351 485 1410 testamentum
509 1345 636 1425 quidem
659 1343 816 1423 ualidum,
845 1363 906 1410 non
933 1352 1038 1412 autern
1066 1344 1134 1410 inre
1157 1343 1283 1421 iactum,

113 1475 137 1526 6.
156 1464 236 1528 iuris
258 1461 377 1544 regulis
399 1463 527 1529 inritum
550 1463 629 1530 fieri.
675 1465 705 1527 6.
739 1461 820 1530 Sunt
841 1461 1033 1529 filiifamilias
1063 1466 1116 1544 qui
1145 1469 1283 1528 castren·

157 1584 204 1649 sia
226 1585 352 1666 quidem
383 1583 505 1665 peculia
534 1603 595 1650 non
624 1584 756 1662 babent,
789 1584 879 1666 quasi
910 1587 1015 1650 autem
1044 1583 1217 1650 castrensia
1246 1601 1284 1648 ex

157 1702 368 1769 anterioribus
380 1703 501 1786 legibus
517 1705 567 1769 uel
583 1723 620 1770 ex
632 1703 859 1786 posterioribus
871 1702 1147 1770 constitutionibus
1158 1702 1284 1779 babent,
1306 1690 1337 1741 ¹⁰

157 1823 257 1887 ueluti
280 1840 361 1903 quae
384 1841 422 1888 ex
443 1822 573 1888 consilio
596 1823 647 1887 uel
669 1823 877 1888 aduocatione
899 1823 950 1888 uel
973 1821 1177 1904 magistratu,
1204 1820 1287 1887 idest

157 1959 196 2006 ex
219 1941 350 2006 annonis
372 1938 515 2023 publicis,
537 1941 615 2024 ipsis
638 1945 847 2023 praestantur.
894 1941 986 2006 otiis
1009 1941 1133 2024 quidem
1162 1958 1286 2006 conces·

158 2077 228 2125 sum
251 2067 301 2125 est
323 2061 417 2125 etiarn
440 2060 472 2125 in
494 2065 652 2142 potestate
674 2060 859 2142 degentibus
882 2061 1002 2124 testari.
1053 2066 1102 2126 set
1131 2078 1200 2125 cum
1231 2059 1286 2123 ali-

159 2199 222 2262 qua
244 2181 398 2246 dubitatio
421 2181 460 2246 de
482 2182 520 2246 iis
549 2187 620 2247 orta
650 2191 747 2262 esset,
777 2180 842 2245 lata
871 2186 921 2246 est
950 2177 1106 2263 generalis
1136 2177 1287 2260 principis

160 2300 260 2366 nostri
295 2301 495 2375 constitutio,
528 2319 595 2383 qua,
624 2302 778 2366 sancitum
811 2307 860 2366 est
893 2318 1015 2365 omnem
1055 2297 1286 2364 filiumfamilias
1307 2301 1338 2352 1⁶

160 2427 352 2484 castrensem
381 2419 547 2484 habentem
574 2417 729 2498 peculium
765 2420 834 2485 iure
861 2420 1018 2483 communi
1047 2435 1138 2498 posse
1166 2414 1286 2482 testari.
1331 2463 1350 2478 .

160 2538 213 2619 qui
235 2537 428 2617 praedictam
450 2537 537 2618 legat
558 2538 810 2604 constitutionem
833 2537 911 2602 nihil
932 2556 1039 2604 eornm
1055 2554 1136 2618 quae
1151 2536 1190 2601 ad
1207 2533 1287 2601 eius·

159 2657 245 2722 modi
267 2657 317 2720 ius
340 2655 506 2756 pertinent
520 2657 689 2740 ignorabit.
