3058 4890
125 1201 129 1218 “
213 1194 384 1304 ¹incipit
414 1193 594 1276 feliciter
627 1222 720 1275 oum
755 1193 847 1276 Deo
880 1193 1229 1280 institutionis
1341 1211 1342 1218 ‘

654 1411 804 1424 n—-ffl

247 1572 258 1631 ’,
300 1564 346 1628 De
370 1564 595 1630 hereditatibus
619 1583 699 1646 quae
722 1567 762 1631 ab
784 1565 934 1631 intestato
957 1565 1150 1634 deferuntur.

640 1685 762 1750 Titulus
789 1690 815 1749 1.

181 1927 182 1930 ,
251 1871 327 1935 Post
357 1870 581 1951 expositionem
615 1872 857 1952 adquisitionem
890 1891 945 1953 per
968 1872 1121 1955 speciem,
1152 1893 1222 1938 cum
1251 1873 1289 1938 de

167 1989 217 2054 his
239 1989 317 2056 iuris
339 1989 448 2072 figuris
470 1989 555 2070 loqui
577 1990 804 2056 instituerimus
833 1993 947 2074 quibus
970 2011 1025 2072 per
1048 1991 1288 2060 uniuersitatem

168 2128 218 2175 res
240 2113 329 2178 nobis
352 2111 571 2195 adquiruntur,
595 2113 731 2193 cepimus
755 2115 793 2178 de
816 2114 989 2178 hereditate
1006 2113 1170 2191 disserere,
1194 2129 1288 2194 quam.

166 2230 300 2296 diximus
319 2231 374 2298 'uel
395 2251 433 2297 ex
455 2239 642 2297 testamento
664 2232 716 2296 uel
732 2233 771 2297 ab
786 2232 935 2298 intestato
953 2233 1041 2298 nobis
1058 2223 1192 2296 deterri(
1210 2231 1288 2296 Cum

169 2351 265 2432 igitur
286 2351 347 2415 iam
371 2353 409 2416 de
432 2353 627 2416 testamentis
650 2370 743 2432 quam
766 2351 944 2432 plenissime
967 2358 1004 2415 ut
1032 2352 1061 2414 in
1084 2351 1289 2416 institutioni·
1324 2362 1340 2413 5

167 2472 226 2554 bus
249 2469 316 2536 fieri
339 2472 452 2552 potuit,
475 2471 571 2536 locuti
594 2473 700 2548 simus,
724 2477 756 2534 et
771 2475 997 2553 consequenter
1012 2471 1051 2536 de
1066 2455 1178 2550 legatis
1194 2470 1310 2556 etiam

165 2610 201 2660 ac
219 2573 480 2665 fideicommissis,
504 2591 542 2654 de
563 2591 789 2656 hereditatibus
813 2590 952 2654 dicamus
975 2607 1056 2673 quae
1078 2590 1118 2654 ab
1139 2588 1288 2662 intestato

166 2709 359 2791 deteruntur.
407 2709 540 2774 Moritur
562 2717 665 2774 autem
689 2709 759 2790 quis
782 2710 949 2773 intestatus
979 2713 1034 2772 aut
1056 2707 1148 2784 lacto,
1172 2710 1199 2772 si
1221 2709 1289 2773 nul·

167 2829 233 2894 lum
252 2846 381 2910 prorsus
404 2827 477 2893 lecit
499 2835 730 2905 testamentum,
754 2835 809 2895 aut
830 2828 909 2905 iure,
933 2827 960 2892 si
976 2834 1198 2896 testamentum
1222 2829 1288 2908 qui·

165 2949 235 3012 dem
258 2947 340 3024 lecit,
363 2947 396 3011 id
418 2959 522 3012 tamen
552 2948 601 3012 ius
630 2966 690 3012 non
719 2947 874 3011 admittat.
925 2947 990 3011 Aut
1018 2949 1099 3011 enim
1129 2966 1190 3012 non
1217 2947 1340 3012 iurem

166 3066 250 3132 ciuili
278 3066 395 3132 factum
425 3067 489 3143 est,
525 3066 807 3148 neglectis'modis
830 3067 868 3131 ad
899 3067 1079 3131 sollemnem
1108 3067 1285 3132 testament'
1323 3059 1328 3066 ’

166 3183 395 3251 ordinationem
424 3185 668 3266 pertinentibus;
701 3193 756 3251 aut
790 3187 850 3251 rite
878 3187 1050 3267 perlectum
1078 3193 1206 3269 ruptum
1240 3194 1288 3252 est

168 3305 370 3388 (scisautem
398 3311 475 3388 quot
496 3305 596 3371 modis
620 3307 722 3388 rumpi
751 3308 863 3388 possit,
892 3307 1027 3387 postumi
1050 3306 1211 3386 praeteriti
1234 3325 1288 3370 nu-

165 3422 299 3510 tiuitste,
323 3444 405 3512 nouo
429 3443 485 3492 suo
500 3424 688 3512 adcedente,
705 3427 755 3491 uel
778 3445 860 3513 nouo
882 3444 939 3491 suo
955 3425 1122 3508 adgnato);
1144 3437 1199 3490 aut
1214 3426 1289 3490 inri-
