3096 4890
639 419 830 484 ..3-

168 603 334 686 principali
349 623 425 671 voce
440 605 646 687 componitur,
661 605 746 686 quod
762 605 935 687 proemium
951 606 1178 689 quodammodo
1194 607 1298 689 legum

169 729 219 789 est
234 723 435 804 eruditionis;
451 732 483 789 et
493 724 626 791 lectione
643 733 785 791 ueterum
800 726 985 808 prudentiae
1000 725 1154 805 absoluta,
1172 743 1299 792 necessa

124 861 150 911 4.
169 850 219 909 est
240 844 318 909 iuris
341 845 514 910 studiosum
529 846 669 927 legendis
684 845 961 912 constitutionibus
975 864 1101 928 operam
1116 865 1244 912 nauare.
1267 848 1298 909 4.

170 963 314 1046 Suntque
336 964 449 1030 deiude
471 966 633 1047 compositi
655 964 727 1031 libri
740 966 932 1048 digestorum
947 984 1003 1031 seu
1019 964 1243 1048 pandectarum
1265 965 1298 1031 in

170 1101 249 1163 quos
265 1089 409 1149 ueterum
431 1085 480 1150 ius
502 1084 649 1151 collatum
665 1094 723 1164 est,
746 1088 799 1167 qui
821 1105 877 1168 per
892 1088 1024 1154 eundem
1040 1086 1297 1169 gloriosissimum
1334 1085 1351 1136 5

170 1203 397 1270 Tribuniauum
413 1210 595 1288 ceterosque
611 1204 697 1272 uiros
713 1204 851 1271 illustres
868 1211 899 1270 et
914 1204 1152 1271 facundissimos
1167 1203 1299 1270 conlecti

171 1330 254 1389 sunt.
299 1326 412 1391 Postea
434 1345 510 1391 uero
532 1327 563 1391 iu
586 1327 644 1392 hos
671 1333 821 1408 quattuor
848 1328 944 1395 libros
973 1327 1193 1394 serenissimus
1215 1327 1299 1408 prin-

171 1462 244 1524 ceps
272 1452 379 1510 noster
407 1464 513 1512 eorum
542 1447 733 1527 digestorum
764 1448 1026 1514 introductionem
1057 1446 1168 1530 partiri
1196 1447 1297 1525 iussit,

127 1595 152 1643 5,
171 1571 206 1632 ut
222 1566 286 1630 siut
300 1565 398 1630 totius
418 1566 575 1648 legitimae
590 1568 740 1634 scientiae
763 1569 862 1651 prima
885 1567 1048 1634 elementa.
1072 1567 1103 1632 d.
1124 1567 1161 1631 ln
1183 1566 1298 1646 quibus

171 1686 310 1751 breviter
338 1688 502 1769 exponitur
530 1693 562 1753 et
593 1689 677 1771 quod
706 1696 799 1755 autea
829 1690 1050 1771 optinebatet
1077 1686 1349 1769 quodpostca1⁰

172 1809 379 1874 desuetudine
394 1809 606 1875 inumbratum
629 1810 668 1875 ab
691 1809 844 1892 imperiali
860 1809 996 1876 remedio
1013 1814 1062 1874 cst
1076 1805 1297 1872 illuminatum.

128 1942 152 1993 o.
172 1931 201 1994 6.
225 1930 312 2009 Quae
335 1927 490 1994 elementa
512 1949 550 1995 ex
572 1931 715 1996 omuibus
737 1932 777 1997 ab
800 1931 937 2013 antiquis
960 1929 1145 2011 conscriptis
1167 1927 1296 1992 Institu-

172 2049 225 2129 tis‚
253 2053 420 2134 praecipue
442 2072 480 2117 ex
502 2053 732 2118 commentariis
762 2051 832 2117 Gaii
863 2059 926 2116 tam
955 2051 1181 2127 institutorum,
1203 2065 1296 2130 quam

175 2172 241 2236 eius
278 2171 437 2252 codicum,
472 2173 503 2237 in
539 2174 654 2255 quibus
684 2172 852 2246 derebus
880 2169 1009 2236 cottidie
1036 2166 1297 2235 usuuenieutibus

172 2297 298 2373 tractat,
323 2297 453 2378 aliisque
475 2295 583 2361 multis
606 2293 835 2362 commentariis
859 2293 1023 2375 praedicti,
1038 2298 1103 2357 tres
1134 2290 1195 2354 uiri
1226 2305 1296 2353 curn
1317 2297 1350 2348 10

172 2414 429 2495 composuissent,
448 2433 559 2496 magno
576 2414 709 2497 principi
725 2413 915 2496 optulerunt.
941 2413 1007 2478 eius
1023 2417 1128 2476 autem
1144 2407 1297 2474 serenitas

173 2550 243 2597 cum
274 2533 369 2614 legit,
400 2539 467 2598 tum
492 2551 582 2598 suam
614 2533 888 2615 plenissimamque
923 2531 1142 2596 auctoritatem
1181 2528 1297 2594 eisdem

130 2671 153 2724 t.
173 2654 394 2719 constitutione
428 2655 689 2719 accomodandam
721 2669 790 2718 esse
823 2652 1014 2734 recognouit.
1077 2651 1106 2711 7.
1144 2648 1299 2713 Hortatur

173 2779 278 2838 autem
309 2773 467 2854 praesenti
494 2773 717 2839 constitutione
740 2773 981 2855 benignissimus
1013 2772 1162 2850 Princeps
1191 2773 1299 2834 noster

174 2911 236 2972 eos,
259 2895 298 2957 ad
322 2912 399 2975 quos
422 2911 491 2958 eam
513 2894 687 2974 rescripsit,
711 2900 746 2958 ut
772 2912 894 2958 summa
922 2912 980 2974 ope
1010 2897 1042 2958 et
1068 2891 1163 2957 alacri
1192 2888 1298 2955 studio
1318 2901 1350 2952 lo

172 3020 355 3096 praesentes
377 3015 532 3094 accipiant
554 3013 649 3095 legas,
673 3033 844 3096 earumque
864 3013 998 3078 lectione
1020 3017 1119 3077 semet
1146 3011 1231 3092 ipsos
1253 3010 1298 3073 ita

173 3133 313 3198 eruditos
335 3132 512 3209 ostendant,
535 3138 571 3198 ut
598 3151 654 3214 spe
681 3133 850 3199 loueantur
878 3132 1089 3214 pulcherrima
1117 3148 1203 3208 sese,
1232 3134 1299 3194 toto

173 3251 314 3334 legitimo
336 3271 431 3335 opero
453 3253 602 3333 perlecto,
627 3253 769 3319 diuersas
792 3251 859 3317 eius
881 3253 927 3318 rai
950 3251 1094 3334 publicae
1123 3255 1229 3330 partes
1251 3267 1299 3313 re-

174 3379 291 3439 cturos.
