3078 4882
605 403 835 470 -158-

158 592 220 658 hee
241 589 463 672 ambigeretur,
482 591 547 658 latu
574 597 624 658 est
649 591 737 674 prius
764 591 947 658 constitutio
976 590 1041 658 dini
1064 588 1220 657 Hadriani
1242 591 1283 656 ad

160 708 326 776 Cotonium
350 711 467 776 Verum
489 715 537 790 et,
567 729 637 776 cnm
665 730 775 777 rursus
801 711 884 778 idem
915 709 1115 794 contigisset,
1146 707 1284 785 Seuerus

160 835 195 894 et
217 831 392 895 Antoninus
413 831 641 912 rescripserunt
663 849 698 896 se
727 849 765 897 ex
794 849 851 896 sua
877 829 1067 897 liberalitate
1094 834 1282 897 testamento

160 949 340 1028 subuenire,
364 955 399 1017 ut
421 969 458 1016 eo
478 950 547 1016 loco
562 951 733 1016 haberetur
753 967 815 1031 quo
837 949 978 1017 futurum
1002 955 1093 1030 esset,
1117 950 1145 1016 si
1169 951 1208 1016 ab
1230 949 1284 1015 ini·

160 1070 207 1136 tio
231 1070 334 1135 aalide
357 1076 441 1136 esset
462 1070 635 1149 conditum,
659 1070 802 1136 omnibus
831 1071 963 1136 testibus
990 1069 1098 1136 liberis
1125 1069 1283 1150 adhibitis,
1318 1072 1335 1123 5

161 1207 234 1255 cum
257 1194 407 1272 tempore,
429 1206 491 1269 quo
512 1193 734 1254 testamentum
755 1190 950 1268 conderetur,
973 1189 1110 1256 omnium
1132 1207 1285 1256 consensu

161 1309 314 1374 eiusmodi
337 1308 427 1374 testis
448 1307 527 1375 liber
549 1325 618 1376 esse
640 1308 888 1389 existimaretur,
918 1328 976 1376 nec
998 1311 1164 1392 quisquam
1188 1315 1282 1388 esset,

117 1444 141 1495 ε.
162 1428 217 1510 qui
240 1428 268 1492 ei
290 1434 392 1493 status
413 1426 628 1508 quaestionem
651 1434 802 1493 moneret.
851 1428 880 1492 8.
915 1425 950 1495 Si
977 1447 1034 1510 ego
1061 1434 1284 1494 testamentum

161 1547 284 1626 faciam,
307 1554 439 1630 possunt
460 1547 491 1612 in
514 1565 551 1614 eo
572 1551 670 1612 testes
686 1546 827 1614 adbiberi
848 1547 973 1614 Primus
995 1546 1087 1612 simul
1110 1567 1147 1615 ac
1170 1547 1284 1614 Secun-

162 1669 241 1748 dus,
265 1667 319 1748 qui
349 1668 415 1732 eius
444 1667 507 1731 inri
534 1667 577 1732 sit
604 1667 773 1733 subiectus.
822 1673 873 1733 set
901 1673 933 1732 et
960 1668 988 1732 si
1017 1668 1079 1733 duo
1109 1667 1223 1734 iratres
1250 1668 1282 1733 in
1305 1679 1335 1729 ιο

163 1789 304 1855 eiusdem
326 1792 482 1869 potestate
504 1788 576 1866 sint,
598 1787 674 1852 item
696 1787 789 1853 simul
812 1791 908 1853 testes
936 1806 1005 1853 esse
1026 1793 1166 1871 possunt.
1211 1789 1285 1869 qnia

163 1909 242 1975 nihil
264 1914 356 1976 nocet
377 1928 415 1973 ex
436 1926 499 1973 una
527 1907 618 1973 domo
647 1906 729 1972 idest
757 1926 794 1974 ex
821 1899 883 1974 uina
910 1906 1028 1974 familia
1052 1906 1158 1990 plures
1187 1915 1285 1976 testes

120 2051 144 2101 a.
164 2030 267 2096 alieno
289 2034 476 2094 testamento
498 2026 651 2093 adhiberi.
696 2028 725 2090 9.
759 2026 838 2092 Cum
860 2033 965 2093 autem
987 2028 1057 2110 quis
1086 2033 1234 2108 testatur,
1257 2029 1286 2095 si

164 2149 244 2216 uelit
272 2154 493 2216 testamentum
514 2147 639 2212 firmum
662 2165 742 2227 esse,
767 2149 806 2213 de
827 2148 867 2212 iis
895 2149 949 2231 qui
977 2153 1075 2214 testes
1101 2148 1200 2213 intnri
1223 2148 1286 2213 sint

165 2273 319 2356 dispicere
347 2267 455 2350 debet,
481 2275 576 2350 atque
605 2269 856 2335 animaduertere
885 2253 1017 2352 nequis
1039 2269 1166 2334 testium
1189 2271 1336 2334 testa-lo

165 2394 243 2458 toris
265 2391 298 2455 in
319 2395 475 2473 potestate
497 2391 555 2470 sit;
577 2407 650 2454 nam
672 2389 699 2453 si
722 2389 873 2455 eiusmodi
902 2389 958 2466 sit,
986 2405 1006 2452 a
1036 2387 1214 2454 testimonio
1237 2406 1286 2453 re·

165 2513 328 2594 pellendus
350 2511 420 2577 erit.
464 2530 525 2577 non
551 2530 628 2577 uero
654 2509 841 2593 inquirimus
868 2527 908 2576 an
936 2508 1006 2592 quis
1037 2509 1163 2574 testium
1191 2515 1286 2576 testa·

166 2639 268 2699 terem
290 2632 323 2697 in
344 2635 501 2714 potestate
523 2631 647 2710 habeat,
670 2631 720 2697 nel
742 2649 812 2698 oum
835 2648 872 2698 eo
894 2630 926 2695 in
950 2628 1088 2696 eiusdem
1110 2628 1211 2711 patris
1233 2647 1287 2710 po-

166 2758 283 2820 testate
304 2752 362 2818 sit:
390 2752 478 2819 cuius
503 2753 551 2818 rei
580 2752 661 2818 ratio
687 2751 764 2818 haec
794 2755 850 2818 est.
900 2750 992 2816 uisne
1021 2755 1206 2816 testatorem
1235 2751 1286 2817 sui

165 2873 246 2940 iuris
268 2891 308 2939 an
331 2873 424 2939 alieni
453 2873 531 2938 iuris
553 2870 646 2938 esse?
669 2873 696 2937 si
717 2873 766 2937 sui
789 2871 867 2937 iuris
889 2877 954 2950 est,
982 2871 1087 2937 uereri
1109 2889 1172 2937 non
1195 2887 1285 2952 opor-
1303 2880 1337 2932 ao

167 2999 216 3059 tet
236 3012 276 3058 ne
298 2993 368 3074 quis
390 3011 460 3059 cum
483 3011 520 3058 eo
549 2993 581 3059 in
610 2993 749 3059 eiusdem
777 2995 934 3075 potestate
966 2993 1026 3074 sit,
1058 2991 1110 3058 uel
1143 3011 1183 3058 ne
1216 2993 1287 3075 quis

168 3131 240 3179 eum
263 3114 296 3179 in
317 3119 473 3195 potestate
495 3113 617 3178 habeat.
661 3113 711 3178 sin
732 3117 838 3178 autem
860 3111 956 3178 alieni
983 3110 1061 3177 iuris
1088 3129 1160 3177 enm
1182 3109 1285 3192 fingis,

167 3233 283 3316 potiori
305 3233 439 3316 quadam
460 3232 582 3297 ratione
603 3236 826 3298 testamentum
846 3231 1016 3314 procedere
1038 3246 1100 3298 non
1115 3231 1208 3298 sinis:
1232 3231 1287 3313 qui

168 3354 251 3418 enim
273 3353 366 3419 alieni
388 3352 466 3418 iuris
494 3358 544 3418 est
569 3353 680 3418 testari
709 3370 770 3418 non
798 3357 913 3435 potest.
962 3369 1034 3416 nam
1064 3355 1287 3418 testamentum

168 3477 219 3539 est
241 3473 391 3538 honorum
413 3491 494 3554 quae
515 3472 548 3537 in
570 3467 757 3553 patrimonio
783 3477 858 3538 sunt
882 3471 1052 3546 ordinatim
1079 3490 1140 3537 non
1168 3469 1288 3538 intelle
1304 3487 1339 3540 ao

168 3593 257 3674 gitur
276 3597 382 3658 autem
403 3593 440 3671 is,
463 3593 517 3673 qui
539 3592 633 3658 alieni
654 3592 733 3658 iuris
755 3598 820 3672 est,
848 3591 965 3675 aliquid
993 3592 1071 3658 adeo
1098 3590 1131 3656 in
1154 3608 1213 3657 sua
1234 3611 1288 3674 po·

170 3717 286 3779 testate
314 3712 440 3789 habere,
461 3717 498 3779 ut
524 3711 676 3796 quidquid
705 3712 782 3778 uelit
810 3711 843 3778 in
871 3730 908 3780 eo
935 3715 1076 3778 statuere
1102 3710 1210 3794 possit
1260 3711 1288 3778 si

170 3810 247 3899 uero
268 3831 367 3898 filium
388 3831 523 3898 familias
545 3832 684 3898 inuenire
705 3831 871 3913 possimus,
893 3829 948 3913 qui
961 3831 1072 3898 testari
1086 3838 1190 3914 queat,
1214 3836 1289 3897 tunc

171 3954 371 4036 dispiciamus
398 3971 438 4020 an
465 3957 570 4020 cetera
596 3953 776 4033 procedant.
833 3956 866 4018 et
891 3951 1085 4034 inquirentes
1111 3951 1288 4018 inuenimus
