3096 4890
616 383 806 444 ..7-

147 579 319 642 magnaeo
343 563 491 630 frumenti
513 566 577 646 uis,
600 572 636 632 ut
657 574 762 648 patet,
785 576 869 634 esset
891 571 1034 638 aduecta.
1083 571 1142 638 hoc
1170 579 1275 640 autem

148 681 197 748 ins
227 683 472 750 Atheniensibus
507 685 582 751 solis
616 687 781 768 proderat:
817 691 901 770 apud
938 690 1164 757 Alexandrinos
1201 711 1276 758 uero

146 802 274 881 aliosne,
298 805 353 886 qui
375 803 533 870 frumento
555 806 731 884 abundant,
759 825 821 873 non
850 813 972 872 tantum
1003 807 1200 892 importunus
1227 817 1277 876 set

147 927 179 987 et
200 922 353 989 ridiculus
375 925 487 990 luisset
508 926 563 1007 qui
585 926 737 991 eiusmodi
759 926 859 1009 legem
882 929 1016 995 tulisset.
1055 929 1150 995 Aliud
1173 949 1276 996 exem·

147 1042 232 1121 plum
245 1042 323 1107 iuris
332 1042 740 1110 ciuilisLacedamoniornm
752 1046 863 1111 ciuitas
875 1046 1015 1127 praebet,
1027 1065 1117 1129 quae,
1130 1047 1275 1130 Lycurgo
1311 1053 1327 1102 5

147 1166 365 1240 constituente,
383 1164 552 1253 ξενηλασίᾳ
567 1168 724 1246 utebatur,
740 1186 780 1232 ne
799 1168 1035 1249 peregrinorum
1059 1168 1277 1234 commixtione

148 1283 465 1351 Lacedaemoniorum
488 1305 590 1352 mores
606 1291 881 1367 corrumperentur
897 1295 992 1367 atque
1007 1287 1037 1352 in
1055 1288 1194 1354 deterius
1210 1307 1277 1352 mu-

148 1411 299 1470 tarentur.
324 1405 407 1485 quod
424 1405 472 1470 ius
488 1405 572 1488 apud
584 1406 848 1472 Lacedaemonios
864 1407 989 1487 quidem
1004 1411 1164 1488 sarnetur3
1181 1407 1275 1474 Athe·

148 1523 272 1589 aienses
287 1543 364 1590 uero
386 1526 417 1589 id
434 1532 647 1604 contemnunt,
670 1525 725 1608 qui
740 1527 819 1592 adeo
835 1527 874 1592 ab
890 1525 1080 1609 expellendis
1102 1527 1275 1608 peregrinis

147 1645 273 1723 absunt,
296 1653 333 1710 ut
351 1664 407 1711 ara
422 1647 506 1727 apud
529 1665 582 1711 eos
597 1644 833 1712 Misericordiae
853 1646 982 1726 colatur,
1006 1653 1132 1728 tamque
1147 1646 1276 1713 comiter
1296 1660 1328 1710 10

147 1781 201 1828 eos
224 1751 279 1844 qui
301 1765 341 1830 ad
370 1785 404 1830 se
427 1766 556 1830 ueniant
578 1765 741 1847 excipiant,
765 1771 801 1830 ut
823 1784 900 1848 prae
929 1785 1051 1831 summa
1080 1767 1275 1832 humanitate

148 1902 187 1948 ne
209 1881 326 1948 bellum
349 1883 475 1964 quidem
497 1903 608 1964 gerere
630 1901 686 1964 pro
709 1885 758 1948 his
781 1886 845 1949 sint
867 1887 990 1950 morati.

234 2004 343 2069 Omnis
382 2005 479 2085 igitur
511 2004 644 2086 populus
678 2009 734 2068 aut
768 2006 892 2084 scriptis
932 2005 1033 2069 utitur
1065 2005 1187 2084 legibus
1221 2012 1275 2070 aut

148 2141 209 2186 non
233 2122 368 2203 seriptis,
392 2128 424 2187 et
446 2124 560 2203 partim
582 2122 709 2202 quidem
731 2124 875 2204 propriis,
899 2124 919 2186 i.
943 2144 969 2190 e.
993 2125 1061 2188 iure
1085 2121 1183 2201 ciuili,
1206 2143 1276 2204 par·

149 2245 298 2307 timuero
321 2242 554 2320 communibus,
581 2244 601 2307 i.
624 2262 651 2308 e.
679 2243 748 2308 iure
776 2242 926 2324 gentium.
958 2262 1029 2308 nam
1059 2262 1274 2327 quaecumque
1295 2269 1325 2319 15

146 2379 291 2444 quaeque
318 2360 428 2424 ciuitas
455 2361 514 2424 sibi
543 2361 706 2425 constituit
734 2368 766 2426 et
794 2363 877 2426 intra
907 2381 975 2427 eam
1003 2364 1192 2439 consistunt,
1223 2381 1277 2427 no·

147 2485 260 2545 cantur
294 2479 343 2545 ins
376 2478 492 2561 ciuile3
534 2498 748 2562 quaecumque
781 2487 885 2546 autem
920 2481 1072 2546 naturalis
1105 2501 1161 2546 seu
1195 2499 1276 2547 eom·

149 2600 252 2663 munis
279 2598 360 2664 ratio
394 2598 478 2665 inter
501 2618 607 2664 omnes
641 2601 781 2665 homines
810 2601 991 2681 introduxit,
1025 2620 1062 2668 ea
1095 2601 1179 2684 apud
1212 2620 1275 2667 om·

149 2737 204 2783 nes
237 2717 379 2784 homines
412 2719 634 2786 custodiuntur
661 2727 693 2785 et
720 2721 771 2785 ius
804 2724 944 2802 gentium
979 2721 1187 2803 appellantur.
1244 2731 1275 2790 et

149 2841 282 2922 populus
326 2841 434 2924 itaque
479 2859 628 2907 romanus
664 2842 780 2923 partim
824 2841 917 2920 ciuili,
966 2843 1079 2923 partim
1119 2844 1275 2908 communi
1294 2854 1327 2904 20

148 2960 218 3026 iure
255 2960 377 3040 utitur,
419 2981 500 3045 qnae
542 2963 667 3044 singula
704 2981 846 3045 quaeque
883 2963 946 3026 sint
985 2963 1051 3026 suis
1090 2963 1167 3029 locis
1204 2985 1277 3047 pr0⁴

105 3115 131 3164 2
150 3101 311 3165 ponemus.
383 3085 412 3145 2.
457 3083 514 3148 Set
554 3083 604 3147 ins
645 3084 771 3163 quidem
819 3083 912 3150 ciuile
948 3103 985 3148 ex
1018 3100 1205 3165 unaquaque
1233 3085 1274 3148 ci·

148 3203 265 3283 nitate,
296 3203 349 3268 ubi
378 3204 481 3286 uiget,
508 3202 749 3285 appellationem
784 3206 888 3268 sumit.
940 3223 1012 3268 nam
1040 3203 1068 3268 si
1097 3205 1167 3285 quis
1198 3202 1276 3268 uelit

146 3322 269 3390 Solonis
283 3324 343 3388 uel
365 3322 516 3390 Draconis
546 3323 630 3405 leges
651 3324 701 3388 ius
732 3322 824 3389 ciuile
847 3323 1083 3388 Atheniensium
1106 3321 1274 3406 appellare,
