3096 4890
699 400 911 465 ..23-

248 586 385 675 87515212
420 587 456 652 ἐν
489 587 658 674 οίᾳδηποτε
690 586 855 671 τελευταίᾳ
886 585 1044 669 βουλήσει.
1098 585 1150 648 καὶ
1184 583 1220 648 ἐν
1252 583 1374 667 ἑτέραις

248 690 396 763 πλείστοις
423 688 549 772 τρόποις
576 685 742 769 ἐλευθερία
776 684 924 751 διδόσθαι
952 685 1094 765 δύναται,
1121 685 1166 749 ὧν
1194 687 1223 750 οί
1250 686 1308 770 μὲν
1336 681 1372 752 εἰι

249 795 309 854 τῶν
333 791 483 870 παλαιῶν,
504 791 533 853 οί
554 789 590 853 δὲ
612 787 732 852 ἐκτῶν
755 789 929 861 διατάξεων
955 791 1013 854 τοῦ
1034 789 1189 876 ἡμετέρου
1211 787 1372 868 βασιλέως

246 893 468 980 ε’πινενόηνται.
512 892 542 956 2.
560 889 603 954 ‘H
621 891 657 954 δὲ
678 889 845 976 ἐλευθερία
867 891 932 965 τοῖς
952 890 1084 966 οἰκέταις
1098 889 1133 954 ἐν
1149 891 1237 954 παντί
1245 891 1367 980 χρόνῳ.
1389 906 1418 958 2.

213 1011 230 1062 5
248 992 388 1080 νομίμως
409 992 570 1075 δίδοταιῙ),
593 987 631 1059 οὐ
652 992 749 1076 μόνον
771 991 861 1066 ὄντος
881 995 939 1056 τοῦ
961 991 1113 1080 ἄρχοντος
1138 990 1174 1056 ἐν
1198 995 1244 1076 τῷ
1266 991 1370 1076 οίκείῳ

248 1093 454 1182 δικαστηρίῳ,
477 1095 554 1158 ἀλλὰ
576 1095 625 1158 καλ
653 1092 820 1178 προϊόντιί)
844 1094 976 1158 δυνατὸν
1000 1092 1219 1176 προσελθόντα
1242 1093 1372 1158 ἐλευθε-

244 1199 340 1282 ροῦν·
363 1197 428 1260 οἷον
449 1196 536 1282 ηνίκα
558 1197 576 1259 ό
598 1195 738 1278 pra6tevr
766 1195 802 1260 ἐν
831 1197 984 1282 τῇρώμη
1013 1194 1034 1282 ἢ
1062 1197 1080 1258 ό
1108 1194 1288 1271 ἀνθύπατος
1311 1195 1371 1282 ἢό

247 1300 301 1384 τῆς
322 1297 473 1386 ἐπαρχίας
494 1297 602 1384 όρχιον
623 1295 673 1362 ε’πλ
694 1297 860 1379 βαλανεῖον
883 1295 903 1383 ἢ
926 1295 1065 1382 θέατρον
1087 1296 1206 1360 ἄπεισιν
1236 1295 1371 1386 ἢτυχόν

246 1398 298 1465 ε’πλ
320 1400 468 1488 δημόσιον
489 1397 686 1486 οἰκοδόμημα
708 1397 728 1484 ἢ
751 1399 827 1462 κατὰ
850 1397 1036 1485 οἱανδήποτε
1058 1397 1156 1462 αἰτίαν
1178 1397 1214 1462 ἐν
1231 1398 1371 1484 δημοσίῳ

198 1515 230 1567 10
246 1501 388 1586 φαίνεται
409 1503 507 1586 τόπῳ.
552 1501 582 1565 3.
610 1501 674 1564 Τῶν
697 1499 732 1564 δὲ
756 1500 979 1584 ἀπελευθέρων
1000 1501 1121 1589 τριγῇί)
1151 1499 1189 1588 ἧν
1211 1502 1231 1587 κ)
1255 1501 1370 1584 διαίρε-
1390 1505 1419 1556 ⁸·

246 1625 303 1684 σις,
326 1603 455 1685 παλαλθ)
475 1603 536 1688 γὰρ
558 1601 823 1685 ἐλευθερούμενοι
845 1603 919 1665 ποτὲ
943 1602 1001 1685 μὲν
1024 1605 1078 1689 τὴν
1097 1601 1228 1686 μείζονα
1251 1605 1299 1666 καί
1321 1600 1370 1666 ε’ν·

247 1705 427 1791 νομαιτάτην
449 1701 630 1786 ἐλάμβανον
651 1702 840 1787 ἐλευθερίαν
863 1702 911 1764 καὶ
931 1698 1068 1783 ἐγίνοντο
1085 1702 1204 1766 πολῖται
1222 1705 1370 1788 ῥωμαῖοι,

246 1805 320 1870 ποτὲ
342 1804 378 1870 δὲ
401 1807 454 1892 τὴν
476 1801 627 1868 ἐλάττονα
649 1805 698 1867 καὶ
726 1803 931 1870 ἀπετελοῦντα
964 1803 1078 1868 latinoi
1103 1803 1277 1887 iunianoi⁵)
1309 1805 1370 1868 ἀπὸ

246 1905 342 1990 νόμου
362 1904 452 1972 iunIu
473 1905 662 1988 norbanffl),
686 1904 722 1978 δς
737 1906 869 1991 εὑρετὴς
889 1904 1029 1987 ε’γεγόνει
1051 1907 1106 1991 τῆς
1121 1906 1266 1993 τοιαύτης
1287 1906 1371 1989 αἰρέ-

197 2014 229 2065 15
247 2030 341 2086 σεως,
363 2008 435 2082 τοὺς
457 2007 493 2071 δὲ
516 2006 719 2090 dediticius&
742 2006 917 2094 ἐπενόησεν
939 2009 957 2071 ό
985 2007 1086 2073 αὸίίοα
1107 2006 1236 2074 αύυίλοε.
1292 2012 1372 2095 φησί

244 2109 306 2194 γὰρ
328 2107 386 2174 ἐάν
407 2131 453 2186 τις
474 2107 510 2173 ἐν
533 2112 580 2195 τῷ
602 2112 702 2196 καῳῳ
722 2112 777 2196 τῆς
806 2108 950 2186 δουλείας
980 2105 1121 2196 ὑποπέση
1150 2110 1194 2173 ἑνί
1223 2114 1284 2174 τῶν
1315 2135 1371 2176 πα·

244 2209 313 2274 θῶν
336 2215 398 2274 τῶν
425 2210 510 2293 ὑπ’ὓ)
541 2209 639 2278 αὐτοῦ
665 2209 877 2296 εύρεθέντιον,
912 2211 977 2274 οἷον
1009 2210 1068 2275 ἐὰν
1096 2211 1150 2274 διά
1178 2235 1204 2274 τι
1234 2215 1370 2297 πταῖσμα

245 2313 329 2402 λάβη
352 2312 500 2397 στίγματα
522 2313 603 2377 κατὰ
625 2316 681 2379 τοῦ
700 2313 850 2398 μετώπου
880 2311 976 2400 ἤγουν
1001 2312 1138 2399 βληθῇθ)
1169 2311 1205 2376 ε’ν
1234 2313 1372 2402 δημοσίᾳ

244 2414 350 2502 ελρκτῇ
371 2414 455 2502 ἢκαὶ
477 2415 532 2479 διά
549 2439 578 2478 τι
600 2417 735 2498 πταῖσμα
756 2413 945 2497 τυπτόμενος
966 2403 1145 2505 όμολογήση
1170 2417 1204 2477 τό
1220 2421 1370 2501 πταῖσμα,

196 2534 232 2589 πο
248 2516 321 2600 εἶθ)
346 2517 427 2601 μετὰ
458 2518 555 2582 ταῦτα
577 2515 687 2590 εύνους
715 2515 883 2600 γενόμενος
912 2519 959 2601 τῷ
986 2515 1123 2604 δεσπότη
1152 2515 1372 2606 ἐλευθερωθη,

244 2617 371 2700 ἐγένετο
394 2617 607 2701 dediticiosss)
630 2617 855 2700 ἀπελεύθερος.
901 2617 1051 2701 ὠνόμασε
1081 2618 1117 2682 δὲ
1146 2617 1262 2696 αύτούς
1283 2619 1373 2686 dodi-

244 2717 339 2787 tioius
361 2721 438 2786 κατὰ
457 2721 585 2808 μίμησιν
606 2723 671 2784 τῶν
691 2719 889 2804 peregdnwn
910 2719 1101 2786 deditjeiwn.
1148 2721 1225 2785 πότε
1246 2724 1308 2804 γάρ
1331 2747 1371 2788 τι·

245 2841 297 2896 νες
325 2824 387 2885 τῶν
414 2820 612 2904 peregrinwn
640 2817 801 2896 ὑποτελεῖς
833 2816 922 2897 ὅντες
948 2824 1103 2908 ῥωμαίοις
1132 2825 1313 2908 τυραννικόν
1344 2850 1372 2890 τι

244 2923 462 3009 φρονήσαντες
483 2923 561 2987 κατὰ
579 2923 732 3009 ῥωμαίων
762 2914 842 2992 όπλα,
869 2921 984 3004 ἔλαβον
1013 2925 1080 2988 κατ’
1108 2923 1214 2990 αὐτῶν
1240 2929 1293 2991 καί
1315 2951 1372 2992 πα·

194 3032 228 3086 25
242 3025 457 3109 ραταξοίμενοι
475 3026 613 3110 βωμοῖσι
643 3023 804 3112 ἐνίκησαν.
856 3023 893 3092 αὖ
920 3025 1154 3113 δυνηθέντεςθ)
1183 3028 1237 3114 τὴν
1265 3029 1370 3095 αὐτῶν

243 3121 420 3210 ὑπενεγκεῖν
443 3125 592 3210 ἀνδρείαν
600 3127 639 3210 ¹³)
661 3128 692 3190 οί
711 3127 893 3211 peregrinoi
912 3129 1074 3215 ῥίῴαντες
1086 3129 1123 3192 τὰ
1144 3123 1225 3193 δ’πλα
1239 3131 1371 3206 ἑαυτούς

243 3226 507 3313 παραδεδώκασι,
541 3224 895 3314 φιλανθρωπευσάμενοι
928 3229 964 3294 δὲ
993 3233 1131 3317 βωμοῖσι
1163 3233 1198 3296 τδ
1229 3231 1287 3317 μὲν
1315 3233 1371 3320 ζῆν

243 3380 449 3394 —fi—-n

310 3465 334 3532 ¹)
352 3465 478 3518 δίδοσθαι
497 3464 611 3518 δύναται
628 3464 676 3527 R..
694 3466 741 3534 qui
757 3465 834 3522 adda
852 3466 897 3519 καί
913 3467 943 3518 ἒν
960 3467 1093 3540 ἀπράκτῳ
1110 3467 1203 3540 ἡμέρᾳ
1218 3483 1289 3538 quae
1301 3469 1371 3538 glos·

242 3562 316 3604 sem
332 3547 465 3603 redolent.
569 3549 592 3616 θ)
610 3568 691 3610 -τας
709 3551 739 3604 P.
756 3550 790 3606 R.
892 3552 916 3618 ³)
933 3554 1041 3624 τριχῶς
1057 3553 1089 3608 Ρ.
1106 3552 1139 3608 R.
1232 3555 1257 3620 ⁴)
1276 3554 1372 3606 πολλοί

242 3633 272 3687 P.
292 3632 352 3689 edd.
371 3638 426 3687 ant.
445 3633 477 3688 F.
587 3637 611 3701 ὅ)
628 3635 679 3688 Ll.
698 3634 749 3690 12².
766 3635 795 3688 P.
814 3635 892 3690 latini
908 3636 1011 3690 iuniani
1029 3637 1060 3691 F.
1078 3636 1112 3692 R.
1224 3639 1248 3705 6)
1267 3639 1371 3694 orbana

241 3719 359 3773 L1.1.².
378 3719 506 3787 όρβανσδ
523 3721 554 3775 P.
573 3719 713 3790 οόρβσνού
732 3720 764 3774 F.
783 3721 920 3789 νορβανού
938 3720 971 3776 R.
1096 3723 1119 3791 7)
1137 3722 1186 3776 Ll.
1212 3723 1371 3784 δεδιτικίους

241 3803 292 3857 11².
308 3803 339 3858 P.
357 3803 493 3861 deditilios
510 3807 542 3860 F.
560 3806 595 3860 R.
612 3806 695 3876 ἤγουν
720 3805 915 3870 ἐκδεδομένους
938 3805 999 3861 add.
1017 3806 1046 3863 P.
1064 3805 1117 3862 1.².
1255 3808 1279 3876 ⁸)
1297 3809 1370 3877 παρ’

241 3890 271 3943 P.
374 3890 397 3956 ⁹)
416 3890 547 3962 ἐμβληθῇ
565 3891 597 3944 F.
615 3890 649 3944 R.
760 3891 796 3959 10)
814 3891 858 3943 καί
875 3891 905 3944 Ρ.
923 3890 954 3944 F.
972 3891 1007 3947 R.
1119 3893 1155 3961 11)
1174 3893 1320 3953 δεόιτίτιος
1337 3893 1369 3947 F.

241 3974 275 4032 R.
299 3976 408 4035 -τςιος
432 3975 492 4030 edd.
515 3980 571 4030 ant.
594 3975 639 4032 F.:
664 3975 787 4030 similiter
811 3980 839 4030 et
863 3975 892 4028 in
914 3989 989 4045 seqq.
1012 3991 1082 4044 quae
1100 3991 1149 4032 nos
1167 3977 1203 4032 ad
1219 3976 1301 4032 fidem
1317 3979 1369 4035 11¹.

241 4059 290 4113 11².
309 4060 338 4114 P.
357 4090 389 4100 -
408 4060 454 4128 qui
471 4064 562 4114 tamen
590 4061 694 4128 graecis
717 4061 816 4116 litteris
839 4060 926 4114 utitur
943 4091 976 4102 -
994 4061 1123 4118 dedimus.
1260 4063 1297 4133 1²)
1313 4065 1369 4134 γὰρ

242 4144 271 4201 P.
289 4145 320 4200 F.
338 4145 371 4199 R.
473 4145 511 4212 1³)
527 4163 553 4199 α.
573 4163 596 4198 τ.
616 4145 674 4201 ἀνό.
692 4146 736 4200 όπ.
754 4146 784 4200 Ρ.
803 4165 829 4199 a.
848 4147 891 4202 ὑπ.
912 4167 935 4202 τ.
955 4147 1013 4203 dvo.
1031 4148 1063 4203 F.
1081 4148 1115 4204 R.
