2990 4884
584 393 795 458 ‚pp-

130 596 206 646 uum
227 579 253 646 si
275 577 562 646 fideimmmissariu
587 585 688 660 esset,
712 599 749 648 ac
777 579 915 664 pupillus
936 585 1019 648 esset
1047 579 1140 648 heres
1164 577 1254 646 iusti·

129 703 232 777 tutus,
253 715 315 764 neu
337 703 444 780 posset
464 717 593 765 soeuum
614 705 752 766 tutorem
773 697 834 766 sihi
856 698 1000 766 relictum
1022 698 1256 780 manumittera3

129 816 217 882 nesti
239 815 322 883 enim
342 818 413 898 lege
433 817 523 884 Aelia
544 815 653 884 Seutia
674 821 802 885 cautum
823 835 902 898 asse,
925 837 965 885 ue
987 819 1057 902 quis
1071 818 1172 884 minor
1192 817 1253 884 XX

130 937 223 1003 anuis
245 954 373 1003 seruum
395 954 487 1004 suum
509 937 724 1017 manumittat,
754 937 815 1004 nisi
840 938 872 1004 in
894 937 1022 1005 consiliu
1046 939 1132 1006 iustu
1156 955 1253 1005 causa

129 1056 275 1138 probata.
308 1059 358 1123 set
378 1057 441 1123 erit
462 1055 515 1138 qui
537 1057 622 1123 dicat
642 1055 723 1123 hauc
744 1075 869 1142 queque
888 1057 1002 1124 iustam
1022 1075 1150 1123 causam
1172 1075 1251 1124 esse.
1286 1056 1304 1110 ⁶

130 1182 181 1242 sec
201 1175 303 1260 primo
324 1176 404 1244 hanc
425 1193 554 1244 cuneum
574 1176 686 1244 ceteris
713 1193 775 1244 nus
797 1176 1104 1255 connumerauimus,
1127 1195 1197 1244 cum
1220 1178 1253 1243 iu

131 1295 346 1378 superioribus
367 1297 468 1362 iustas
491 1313 604 1362 causas
626 1295 857 1377 recensuimus;
885 1301 918 1363 et
947 1300 984 1361 ut
1005 1295 1183 1378 specialiter
1204 1315 1252 1364 re·

128 1418 197 1484 latu
227 1415 337 1495 fuerit,
370 1435 450 1498 epus
478 1414 562 1483 ieret
594 1422 697 1483 tamen
730 1417 845 1483 tuturis
877 1433 1040 1483 consensu.
1095 1413 1252 1497 quomodo

127 1542 236 1602 autem
264 1535 439 1602 consentire
468 1533 586 1616 peterit
610 1535 664 1616 qui
692 1539 780 1601 tuter
800 1535 938 1601 nundum
960 1536 1002 1602 sit
1023 1541 1073 1603 set
1093 1535 1125 1601 iu
1152 1533 1252 1602 serui·

128 1661 200 1723 tute
222 1654 337 1739 degat?
363 1652 391 1720 ei
414 1671 491 1720 uero
512 1658 645 1721 testator
667 1673 739 1720 cum
761 1668 887 1720 seruum
908 1672 1001 1721 sunm
1022 1653 1155 1721 liberum
1181 1670 1251 1720 esse
1270 1657 1303 1710 1⁰

128 1775 282 1852 crederet
306 1778 343 1841 ut
363 1773 497 1842 liberum
518 1779 654 1841 tutorem
676 1773 808 1850 dederit,
830 1792 891 1840 nou
921 1791 1021 1858 aeque
1050 1772 1182 1840 dicimus
1204 1778 1251 1838 ta·

128 1894 193 1964 cite
215 1894 245 1961 ei
267 1893 445 1962 libertatem
467 1898 653 1978 competere.
689 1892 722 1960 iu
743 1895 884 1978 proxima
905 1893 989 1964 cuim
1012 1891 1117 1978 specie
1138 1911 1177 1962 ex
1198 1891 1250 1959 de-

127 2013 228 2080 functi
261 2011 424 2080 miautute
455 2031 526 2080 eum
556 2013 586 2082 ei
617 2013 801 2092 nunninus,
830 2013 864 2080 iu
891 2012 1050 2097 praesenti
1077 2017 1185 2080 antem
1210 2027 1251 2078 ne

127 2131 283 2198 aiusmed
313 2132 440 2215 quidam
467 2131 615 2200 uoluntas
641 2133 779 2200 defuncti
807 2133 1000 2215 deprehendi
1027 2138 1141 2216 potest.
1174 2147 1251 2214 que·

127 2253 222 2320 mode
249 2250 332 2318 euim
361 2252 388 2316 si
417 2269 488 2318 enm
517 2252 651 2320 liberum
680 2270 752 2319 esse
780 2250 963 2336 putauerit?
995 2247 1112 2318 Seruus
1145 2254 1249 2318 autem
1270 2263 1302 2315 15

128 2372 252 2439 alienun
273 2371 306 2437 in
329 2377 517 2440 testamento
539 2391 617 2456 pure
639 2371 793 2440 mediter
815 2378 902 2439 tutor
923 2371 1027 2438 datur.
1078 2370 1123 2436 sic
1145 2375 1250 2435 tamur

127 2491 216 2559 licet:
239 2491 364 2558 Tutor
384 2491 459 2559 ille
481 2498 570 2560 esto
591 2492 706 2560 huius
728 2511 886 2572 seruus,
914 2509 999 2560 cum
1029 2489 1131 2556 liber
1161 2488 1248 2555 erit.

127 2616 274 2678 uestrum
294 2617 400 2678 autem
422 2628 550 2680 seruum
570 2611 722 2680 inutiliter
743 2612 802 2678 sub
823 2607 977 2679 eiusmodi
998 2609 1179 2678 condicione
1201 2613 1250 2674 tu·

126 2737 231 2796 turem
253 2729 365 2796 damus
385 2729 435 2796 his
456 2730 576 2796 auhn:
607 2735 719 2798 tutor
747 2735 836 2795 esto
864 2745 1005 2798 seruus
1032 2745 1139 2796 meus
1166 2743 1249 2794 cum

127 2847 234 2914 liber
255 2849 343 2914 erit.
386 2855 421 2916 et
441 2850 523 2916 ratic
545 2847 711 2916 menimsta
731 2855 788 2916 est
831 2867 904 2916 mm
925 2850 1008 2932 quud
1037 2847 1301 2930 inponentem

83 2971 109 3026 2.
127 2971 239 3034 nostra
260 2973 309 3034 est
330 2968 362 3033 iu
385 2968 596 3035 condicionem
618 2969 701 3035 ierre
723 2987 785 3035 uun
805 2974 939 3051 eportet
983 2969 1012 3032 2.
1043 2966 1078 3033 Si
1097 2965 1249 3032 furiosum

127 3094 185 3153 aut
208 3088 358 3154 minorem
373 3086 461 3154 XXV
483 3088 573 3153 aunis
594 3093 730 3154 tutorem
751 3088 782 3153 in
798 3091 986 3154 testamento
1002 3085 1151 3164 dederim,
1173 3083 1250 3151 deut

127 3215 261 3287 interes,
283 3207 365 3276 ulter
385 3226 456 3274 cnm
479 3225 605 3291 compos
627 3208 741 3274 mentis
763 3207 845 3276 alter
869 3224 940 3276 cum
964 3206 1064 3294 maior
1086 3203 1175 3272 XXV
1195 3220 1247 3269 au·
