2990 4884
600 378 809 444 ..81-

329 699 447 778 Quibus
469 700 570 768 modis
592 702 691 767 tutela
712 699 829 765 finitur.
873 699 997 768 Titulus
1019 699 1069 764 it.

223 887 302 954 Cum
326 888 365 953 de
388 889 505 954 tutelae
526 889 748 955 constitutione
769 889 1023 967 exemerimus,
1052 887 1092 955 de
1120 889 1188 956 eius
1210 905 1255 956 so·

131 1006 258 1072 lutione
279 1023 404 1088 qnoque
428 1006 638 1088 dispiciamus.
676 1025 749 1073 nam
771 1007 923 1091 quidquid
946 1006 1050 1088 aliquo
1072 1007 1165 1072 modo
1187 1025 1256 1075 oon·

133 1124 291 1202 stituitur,
314 1126 397 1190 idem
421 1124 638 1206 aliquomodo
661 1124 755 1192 etiam
779 1125 970 1192 dissoluitur.
997 1125 1130 1192 soluitur
1153 1131 1257 1194 autem

135 1244 238 1309 tutela
260 1243 428 1324 pubertate
450 1261 520 1308 cum
543 1244 640 1309 mans
661 1251 727 1309 tum
754 1241 895 1311 feminae.
929 1245 1126 1325 pubertatem
1151 1250 1259 1312 autem

134 1368 264 1428 ueteres
286 1381 346 1427 non
369 1361 472 1428 solum
496 1382 533 1428 ex
555 1368 669 1441 aetate,
691 1364 750 1428 boe
772 1368 820 1428 est
848 1381 885 1428 ex
913 1381 950 1429 eo
978 1364 1061 1444 quod
1087 1361 1184 1428 XIIII
1205 1381 1257 1429 an·
1292 1375 1310 1425 5

136 1499 215 1547 num
237 1481 452 1564 impleuerint,
476 1487 525 1548 set
547 1484 640 1548 etiem
664 1501 702 1546 ex
724 1482 832 1548 babitu
859 1482 999 1564 eorporis
1026 1482 1259 1565 dignoscebant

136 1601 247 1680 itaque
269 1601 337 1666 siue
364 1601 490 1668 habitus
520 1601 657 1681 corporis
687 1607 760 1667 ente
786 1599 881 1666 XIIII
906 1617 1020 1667 annum
1048 1601 1261 1669 manifestere·

136 1725 202 1796 tur,
225 1720 292 1784 siue
317 1719 387 1801 quis
402 1717 498 1784 XIIII
511 1738 627 1785 annum
642 1720 795 1802 impleret
818 1719 943 1785 habitus
959 1727 1063 1788 summ
1080 1740 1141 1787 non
1157 1727 1259 1787 osten·

137 1841 285 1915 deretur,
320 1855 380 1902 non
408 1839 648 1904 existimabatur
673 1840 772 1921 pubes
803 1857 886 1918 esse,
917 1843 966 1905 set
994 1855 1063 1905 cum
1090 1843 1260 1922 utrumque

136 1963 350 2024 concurreret.
396 1957 487 2024 hodie
509 1961 613 2024 autem
640 1957 797 2041 piissimus
826 1958 970 2041 princeps
998 1965 1104 2025 noster
1133 1957 1260 2042 dignum
1279 1983 1312 2037 10

137 2095 211 2142 esse
233 2094 361 2142 suorum
385 2082 559 2158 temporum
583 2078 728 2143 castitate
749 2085 878 2158 putans,
901 2078 994 2144 iussit
1014 2079 1096 2144 idem
1119 2076 1261 2160 optinere

135 2197 224 2277 quod
247 2197 308 2261 ism
333 2196 508 2278 antIquitus
530 2197 562 2262 in
585 2195 707 2263 feminis
730 2197 961 2292 obseruaretur,
983 2199 1014 2262 in
1037 2197 1151 2277 quibus
1173 2203 1260 2262 aetas

136 2320 263 2382 tantum
285 2316 511 2398 inquirebatur,
533 2333 614 2396 quse
635 2314 698 2382 XII
719 2317 809 2382 annis
832 2317 930 2382 maior
957 2323 1054 2394 esset,
1084 2331 1154 2382 cum
1175 2315 1263 2382 babi-

138 2441 210 2500 tnm
233 2436 370 2517 corporis
393 2453 499 2502 earum
522 2437 674 2516 inspicere
696 2435 893 2502 inhonestum
920 2434 1092 2502 uideretur.
1136 2434 1263 2516 putsuit

136 2554 239 2636 igitur
261 2555 410 2638 princeps
431 2561 538 2621 noster
565 2553 756 2639 impudicum
785 2571 853 2620 esse
880 2555 1094 2621 habitudinem
1123 2553 1312 2638 corporis15

138 2673 352 2739 masculorum
375 2673 544 2756 inspicere,
567 2673 658 2740 sicuti
685 2673 715 2739 in
743 2673 865 2740 feminis
894 2673 956 2738 iarn
987 2675 1089 2739 uisum
1117 2679 1202 2753 erut,
1231 2679 1263 2740 et

138 2792 401 2860 constitutionem
423 2794 497 2858 tulit
519 2810 580 2873 qua
609 2793 711 2858 sanxit
738 2792 934 2874 pubertatem
963 2793 995 2856 in
1024 2792 1163 2858 maribus
1190 2798 1262 2875 post

137 2910 239 2978 XIIII
269 2931 385 2978 annum
415 2913 601 2994 completum
629 2911 774 2995 incipere.
832 2912 916 2994 quod
946 2918 1050 2978 autem
1078 2914 1111 2977 in
1139 2913 1261 2980 feminis

138 3032 371 3098 obseruabstur
394 3049 450 3098 suo
472 3030 581 3099 ordine
603 3031 737 3112 reliquit,
761 3037 797 3096 ut
818 3050 837 3097 a
858 3029 921 3095 XII
942 3050 1024 3098 anno
1039 3032 1165 3115 impleto
1189 3032 1260 3098 uiri·

91 3182 117 3230 1,
138 3155 286 3232 potentes
309 3169 377 3217 esse
399 3150 664 3234 Intellegerentnr.
709 3153 736 3214 1.
770 3149 937 3217 Praeterea
959 3149 1142 3216 dissoluitur
1163 3150 1263 3215 tutela
1279 3166 1314 3218 no

138 3270 167 3335 si
191 3269 334 3351 adrogati
357 3270 421 3336 sint
442 3271 619 3354 impuberes
641 3276 697 3336 aut
712 3271 877 3364 deportati.
914 3269 1072 3336 interdum
1095 3268 1177 3336 enim
1192 3286 1262 3334 oum

138 3387 276 3470 proximi
303 3389 366 3454 sint
394 3389 568 3470 pubertati,
599 3388 735 3471 aliquam
762 3390 793 3454 in
826 3405 937 3462 noxum
964 3388 1103 3456 incidere
1132 3397 1263 3470 possunt
