3022 4884
579 463 812 528 -151-

120 663 219 726 quem
242 646 326 712 bona
347 645 409 713 fide
430 647 589 728 possideo,
612 648 680 714 siue
703 648 785 716 liber
812 649 855 716 sit
883 649 953 716 sine
979 647 1101 716 adunus
1129 665 1252 716 seruus.

121 783 199 829 nam
226 771 259 830 et
288 766 348 847 ipsi
378 784 416 831 ex
437 764 536 832 isdem
559 766 682 832 duabus
710 767 813 833 causis
840 767 930 832 nobis
957 764 1144 848 adquirunt,
1172 766 1254 834 scili·

121 890 177 948 cet
199 903 245 948 ex
266 903 309 950 re
328 890 471 949 nostra
498 884 562 950 uel
589 904 632 951 ex
659 884 792 965 operis
821 883 918 950 suis.
969 884 1120 968 quidquid
1147 891 1253 952 antem

121 1007 216 1066 extra
238 1001 331 1068 hasce
357 1002 438 1068 duas
461 1020 572 1068 causas
595 1001 660 1068 siut
681 1002 847 1085 persecuti,
870 1001 897 1067 si
913 1001 1040 1085 quidem
1055 1001 1134 1069 liber
1148 1003 1252 1081 homo,

121 1138 220 1200 quem
244 1121 325 1185 bona
346 1118 408 1187 fide
429 1121 590 1202 possideo,
621 1121 654 1186 id
679 1121 748 1187 inre
779 1121 808 1185 ei
837 1119 1015 1203 quaeritur,
1042 1126 1092 1186 sot
1120 1121 1152 1187 in
1173 1121 1252 1188 illud
1288 1131 1304 1182 o

122 1245 251 1320 tempus
274 1244 465 1313 reseraretur,
488 1255 551 1318 quo
572 1244 689 1305 statum
712 1257 803 1304 suum
826 1238 966 1320 nouerit;
988 1239 1036 1303 sin
1058 1244 1165 1304 antem
1188 1258 1253 1306 ser·

120 1375 188 1422 uus
208 1355 330 1422 alienus
352 1358 404 1436 sit,
427 1375 520 1441 quem
543 1374 601 1440 ego
631 1356 797 1424 bonafide
827 1357 1021 1438 possideam,
1049 1374 1125 1422 uero
1148 1357 1178 1423 ei
1199 1358 1252 1425 do·

120 1475 212 1540 mino
234 1476 423 1558 adquiritur,
447 1476 532 1559 quod
554 1492 646 1540 seruo
668 1475 798 1542 obuenit
820 1481 909 1542 extra
931 1475 1010 1540 duas
1033 1492 1153 1542 causes.
1198 1476 1252 1558 qui

120 1591 299 1659 bonafide
328 1611 457 1659 seruum
484 1594 620 1660 alienum
648 1594 788 1674 possidet
817 1613 854 1659 eo
883 1610 985 1675 usquo
1018 1613 1057 1660 ex
1084 1593 1253 1676 praedictis

121 1711 231 1778 causis
253 1717 376 1777 tantum
398 1712 664 1795 adquisitionibus
690 1712 808 1777 fruitur
836 1712 934 1777 donec
964 1709 1134 1776 triennium
1161 1721 1305 1794 prae-10

121 1830 259 1894 terierit.
304 1830 363 1894 hoc
386 1830 468 1896 enim
491 1831 614 1912 elapso,
644 1849 771 1897 seruum
801 1831 904 1910 ipsum
934 1830 1080 1911 usucapit
1109 1837 1143 1896 et
1169 1846 1252 1912 quae

121 1968 164 2014 ex
188 1948 328 2031 qualibet
349 1968 445 2016 causa
466 1968 559 2015 seruo
580 1950 750 2016 obueniant
776 1947 806 2014 ei
834 1953 1039 2030 quaeruntur.
1068 1948 1124 2034 qui
1145 1953 1251 2016 autem

121 2067 260 2132 liberum
282 2067 437 2133 hominem
462 2066 626 2133 bonafide
647 2067 807 2148 possideat
829 2085 890 2132 non
906 2068 1060 2149 usucapit,
1083 2074 1118 2134 ut
1134 2068 1253 2136 dictum

122 2193 186 2251 est.
232 2193 264 2251 et
285 2187 340 2267 qui
361 2187 593 2252 usumfructum
615 2186 723 2264 habet,
753 2201 925 2267 usucapere
954 2203 1016 2252 non
1044 2192 1161 2266 potest:
1189 2187 1253 2269 pri·

123 2323 213 2370 mum
236 2305 392 2385 quianon
415 2306 574 2388 possidet;
597 2305 664 2369 sine
687 2323 763 2370 uero
788 2304 987 2385 possessione
1022 2323 1084 2371 non
1111 2306 1254 2388 procedit
1273 2319 1304 2371 lo

123 2424 300 2507 usucapio:
335 2430 410 2489 tunc
434 2424 515 2488 enim
542 2423 614 2505 quis
643 2421 836 2502 intellegitur
863 2420 1023 2503 possidere
1049 2439 1118 2488 cnm
1148 2422 1252 2490 animo

123 2543 316 2608 dominantis
349 2563 416 2610 rem
449 2545 571 2608 teneat:
613 2539 866 2606 usufructuarius
905 2545 1010 2605 autem
1044 2539 1093 2605 ius
1127 2545 1251 2606 tantum

122 2663 238 2728 utendi
260 2663 445 2747 fruendique
474 2664 577 2730 habet.
628 2662 656 2728 si
685 2669 789 2729 tamen
817 2662 888 2746 quis
916 2662 994 2727 iuris
1021 2663 1164 2730 notiones
1190 2683 1253 2731 non

123 2791 256 2850 secutus
278 2790 328 2850 set
349 2784 454 2868 specie
476 2785 626 2865 deceptus
649 2782 732 2850 dicat
754 2781 1021 2850 usufructuarium
1037 2798 1162 2866 quoque
1183 2801 1253 2866 pos-

123 2902 248 2980 sidere,
278 2902 341 2968 alia
373 2903 497 2985 potiore
528 2904 651 2969 ratione
683 2902 832 2984 usucapio
865 2901 1069 2982 impedietur,
1102 2920 1140 2968 eo
1168 2904 1253 2985 quod
1271 2928 1306 2980 20

123 3040 240 3103 nempe
262 3022 344 3088 mala
366 3021 428 3088 fide
450 3021 701 3088 usufructuarius
724 3022 897 3104 possideat,
927 3019 1017 3085 nouit
1044 3019 1126 3085 enim
1156 3020 1254 3085 homi·

124 3159 199 3206 nem
222 3159 291 3206 esse
314 3139 462 3209 alienum.
507 3159 564 3206 nec
586 3141 686 3207 solum
710 3141 886 3222 proprietas
913 3157 971 3220 por
997 3138 1055 3203 hos
1078 3156 1197 3217 seruos,
1220 3139 1253 3205 in

124 3261 242 3340 quibus
266 3259 495 3326 usumfructum
518 3261 618 3326 habeo
640 3258 692 3325 uei
713 3277 793 3340 qnos
820 3260 902 3324 bona
929 3254 991 3322 fide
1013 3256 1174 3338 possideo,
1202 3257 1254 3324 nei

124 3398 185 3461 per
207 3379 342 3444 liberum
364 3380 530 3454 hominem,
552 3397 646 3464 quem
662 3376 820 3445 bonafide
835 3377 989 3457 possideo,
1013 3381 1127 3457 putans
1151 3394 1254 3441 meum

126 3516 197 3564 esse
220 3515 356 3576 seruum,
381 3504 430 3564 set
452 3499 547 3563 etiam
569 3499 725 3580 possessio
747 3496 838 3563 nobis
853 3497 1042 3579 adquiritur,
1065 3495 1184 3562 seilicet
1206 3513 1254 3560 se·
1271 3514 1305 3566 25

125 3617 263 3682 cundum
286 3635 367 3698 quae
396 3635 497 3698 nuper
523 3617 740 3698 proposuimus
770 3636 809 3682 ex
838 3616 960 3682 duabus
989 3619 1112 3679 tantum
1141 3615 1253 3692 causis,

126 3755 170 3802 cx
192 3755 233 3800 re
256 3753 336 3800 mea
358 3735 411 3802 uel
433 3755 477 3802 ex
499 3736 633 3818 operis
660 3736 752 3802 suis.
797 3736 824 3799 si
853 3736 934 3802 enim
964 3751 1030 3799 rem
1060 3734 1193 3800 alienam
1217 3752 1254 3799 ex

126 3855 251 3920 duabus
278 3855 363 3920 hisce
393 3856 495 3920 causis
523 3855 562 3920 ab
592 3871 628 3920 eo
660 3853 816 3937 accipiant
843 3854 897 3938 qui
926 3870 988 3918 non
1019 3860 1067 3921 est
1098 3853 1252 3929 dominus,

82 3999 108 4050 5,
126 3991 183 4054 per
205 3971 238 4036 id
260 3973 420 4055 temporis,
444 3989 593 4055 quorem
617 3972 767 4046 detinent,
789 3972 938 4054 usucapio
960 3971 1117 4055 procedet.
1153 3973 1182 4036 d.
1206 3971 1254 4036 Ex
