3058 4890
677 385 823 448 -208
873 419 908 430 -

228 591 281 639 ros
289 574 314 651 ¹)
341 573 405 634 καί.
419 571 471 634 διὰ
491 569 583 633 τοῦτο
607 570 800 654 πλατυτέραν
817 568 928 656 ἔχοντα
945 569 1049 652 φύσιν,
1073 571 1239 652 ἀναγκαίαν
1261 567 1358 656 ᾠήθη

230 676 328 738 πάντα
350 674 389 736 τὰ
410 674 528 759 ληγάτα
550 676 615 748 τοῖς
635 671 908 738 fideicommissois
938 671 1099 745 ἐξισῶσαι,
1126 673 1171 744 ὡς
1196 671 1358 758 μηδεμίαν

230 775 306 840 είναι
326 775 445 859 μεταξι)
469 776 571 838 αὐτῶν
593 775 759 860 διαφορὰν,
783 775 855 839 ἀλλ’
879 777 959 861 ὅπερ
981 774 1111 838 ἐλλείπει
1133 778 1198 848 τοῖς
1213 774 1357 859 ληγάτοις

230 879 264 942 ἑκ
284 882 340 963 τῆς
361 882 424 940 τῶν
445 876 721 942 fideicommissum
752 877 1050 962 άναπληρωθῆναιῖ)
1079 876 1223 958 φύσεως,
1252 877 1303 940 καί
1329 876 1357 941 εί

195 978 264 1047 ῦέν
285 1003 340 1043 τινι
362 980 539 1042 πλεονεκτεῖ
558 981 590 1040 τό
611 979 746 1062 ληγάτον
778 978 921 1060 τούτουί)
942 977 1175 1063 μεταδιδότωί)
1199 980 1246 1062 τῷ
1268 976 1357 1043 fidei·

229 1083 415 1166 commissgv.
459 1081 530 1144 ἀλλ’
553 1081 601 1144 ἵνα
622 1082 666 1166 μὴ
678 1080 785 1167 χύδην
818 1082 866 1144 καὶ
894 1082 1008 1165 ἀναμὶξ
1037 1082 1108 1166 περὶ
1137 1081 1281 1165 ληγάτων
1308 1084 1357 1143 καί

228 1184 504 1250 fideicommissum
527 1183 739 1264 διαλεγόμενοι
765 1183 798 1246 ἐν
822 1185 927 1259 αὐτοῖς
947 1187 1013 1257 τοῖς
1041 1189 1103 1245 τῶν
1128 1183 1230 1266 νόμων
1253 1205 1358 1265 προσι-

227 1290 308 1373 μίυις
330 1287 536 1369 ἀπαλωτέρας
559 1283 601 1348 ἔτι
623 1288 679 1361 τὰς
706 1289 769 1348 τῶν
800 1285 879 1348 νέων
908 1283 1004 1359 οὔσας
1031 1287 1126 1359 ἀκοὰς
1153 1285 1358 1373 δυσχερεστέ-

228 1410 290 1474 ρας
323 1388 551 1468 διδασκαλίαςί)
581 1390 768 1471 ταράξωμεν
798 1390 831 1450 ἐν
861 1386 1073 1474 ἐπεισαγωγῇ,
1107 1389 1357 1469 ἀξιολογώτατον

183 1502 215 1555 10
232 1491 413 1574 ἐνομίσαμεν
443 1491 519 1553 εἶναι
548 1491 702 1574 πρότερον
733 1491 804 1574 περὶ
831 1491 973 1576 ληγάτων
1003 1491 1256 1576 κεχωρισμένως,
1291 1489 1356 1552 είτο

228 1593 308 1676 μετὰ
331 1597 426 1655 ταῦτα
450 1595 519 1676 περὶ
540 1591 814 1656 fideicommisswn
845 1591 1030 1670 διεξελθεῖν,
1061 1595 1147 1668 όπως
1177 1597 1232 1678 τῆς
1254 1593 1356 1656 ἑκατέ-

228 1718 289 1777 ρου
313 1694 440 1778 φύσεως
462 1694 525 1780 ἰδίᾳ
546 1693 743 1780 γνωσθείσης
765 1692 1023 1768 ἐκποιδευθέντες
1048 1695 1152 1757 λοιπόν
1175 1698 1224 1757 καὶ
1243 1693 1277 1756 ἐν
1293 1694 1357 1767 ἕξει

231 1796 389 1880 γενόμενοι
412 1795 600 1879 λεπτοτέραν
623 1797 670 1857 καί
693 1795 919 1880 ἀκριβεστέραν
944 1795 1119 1878 ἀθορύβως
1142 1797 1293 1870 δέξωνται
1315 1797 1358 1860 δι·

232 1897 406 1960 δυσκολίαν.
453 1901 481 1959 4.
520 1897 561 1959 Οὐ
581 1898 678 1981 μόνον
702 1897 737 1960 δέ
761 1897 798 1959 τὰ
828 1901 883 1959 τοῦ
911 1898 1085 1964 ίθεῒόίοτου
1117 1898 1137 1984 ἢ
1165 1898 1220 1964 τοῦ
1250 1902 1357 1984 κληρο-
1375 1909 1402 1958 4.

182 2011 213 2062 15
233 2020 328 2081 νομυυ
351 1999 517 2082 πράγματα
540 1999 617 2060 ἀλλὰ
640 1999 688 2060 καὶ
711 1999 856 2083 ἀλλότρια
879 1999 1005 2062 δύναται
1036 2001 1275 2086 ληγατεύεσθαι,
1303 2003 1360 2089 οδγ

231 2101 344 2181 ὥςτεθ)
360 2101 541 2186 οτηρεῖσθιιι
564 2103 616 2164 τόν
638 2101 794 2185 δεσπότην
817 2106 878 2164 τῶν
895 2101 981 2164 ἰδίων
997 2091 1191 2185 πραγμάτων
1204 2104 1243 2183 Α)
1267 2104 1360 2183 ἀναγ-

231 2203 355 2276 κάζεται
378 2203 438 2286 γὰρ
461 2205 478 2266 ό
501 2204 693 2288 κληρονόμος
715 2202 874 2288 προσιέναι
903 2206 948 2288 τῷ
972 2204 1113 2290 δεσπότῃ
1145 2206 1192 2266 καί
1223 2204 1359 2283 διαλέγε-

232 2304 304 2367 σθαι
327 2304 398 2388 περὶ
420 2304 602 2389 όγορασίας.
648 2308 696 2366 καί
717 2304 822 2386 εἰμὲν
846 2304 943 2368 ἕλοιτο
976 2307 992 2365 ό
1023 2304 1179 2390 δεσπότης
1210 2307 1359 2389 πωλῆσαι,

232 2406 392 2489 ἀγοράσας
414 2407 430 2467 δ
455 2406 646 2489 κληρονόμος
669 2405 776 2469 δίδωσι
799 2403 889 2470 τοῦτο
914 2407 960 2490 τῷ
982 2406 1180 2492 ληγαταρίῳ,
1208 2407 1236 2470 εί
1258 2408 1359 2492 δὲμὴ

180 2527 215 2580 νο
232 2507 363 2594 δυνηθῇ,
386 2512 439 2572 τοῦ
463 2509 618 2572 δεσπότου
639 2509 920 2594 μηβουληθέντος,
945 2508 999 2593 τὴν
1017 2513 1070 2571 τοῦ
1088 2511 1272 2593 πράγματος
1295 2512 1360 2572 δια-

231 2611 351 2695 τίμησιν
375 2611 502 2694 παρέξει
524 2611 569 2694 τῴ
596 2609 822 2694 ληγαταρίῳ.“)
847 2610 874 2671 εί
898 2608 934 2671 δέ
964 2631 1009 2682 τις
1037 2610 1192 2674 τελευτῶν
1221 2608 1359 2673 τοιοῦτον

229 2735 283 2795 μοι
304 2712 476 2797 ληγατεόση
501 2717 645 2796 πρᾶγμα,
669 2711 726 2795 ἐφ’
750 2709 778 2796 ᾧ
800 2710 1014 2776 00111ωὸτοίοη
1047 2712 1103 2774 οὐκ
1131 2711 1209 2798 ἔχω,
1240 2714 1277 2776 οὐ
1304 2714 1358 2794 μό·

233 2837 285 2876 νον
307 2814 363 2876 οόκ
384 2813 646 2898 ἐποφληθησομαι
674 2813 749 2876 αὐτὸ
780 2817 815 2875 τὸ
845 2813 1065 2896 καταλειφθὲν,
1101 2815 1170 2877 ἀλλ’
1201 2815 1278 2878 οὐδὲ
1306 2817 1361 2900 τὴν

235 2916 344 2978 τούτου
367 2915 542 3001 διατίμησιν
565 2918 701 2978 ἀπαιτεῖν
730 2915 912 3001 δυνήσομαι.
964 2916 994 2992 τί
1004 2916 1077 3000 ,γὰρ
1101 2918 1146 2978 ὅτι
1173 2917 1361 3002 ἐληγάτευσέ

180 3033 215 3086 25
233 3039 277 3091 τις
303 3019 371 3102 ἐμοὶ
400 3021 449 3083 τὸν
479 3020 597 3102 κάμπον
626 3022 676 3082 τὸν
707 3019 875 3102 Μάρτιονδ)
904 3020 1013 3101 (τόπος
1051 3017 1087 3080 δέ
1117 3019 1182 3081 ἐστι
1209 3017 1362 3104 δημόσιος

233 3122 357 3205 πλησίον
379 3125 435 3205 τῆς
453 3115 593 3206 Ῥώμης)
617 3120 635 3204 ἢ
659 3121 712 3204 τὴν
734 3121 894 3205 βασιλικὴν
925 3119 1029 3205 ἢτὸν,
1046 3121 1119 3182 νάον
1149 3119 1169 3205 ἢ
1200 3121 1237 3183 τὰ
1265 3122 1361 3207 δημο·

233 3222 310 3296 σίαις
335 3222 463 3310 γρείοις
496 3219 737 3305 ἀριερωθέντα,
776 3222 842 3284 οἷον
876 3221 1013 3303 θέατρον
1049 3222 1193 3306 κυνήγιον
1226 3224 1360 3303 ἱππικόν,

233 3329 332 3390 πάντα
360 3327 420 3410 γὰρ
456 3326 491 3388 τὰ
524 3325 745 3408 τοιουτότροπα
781 3325 898 3409 ληγάτα
931 3323 1085 3412 ἀνίσγυριὶ
1111 3324 1201 3386 ἐστιν.
1256 3327 1292 3386 τό
1324 3325 1362 3386 δὲ

234 3429 395 3515 ελρημένον
418 3432 488 3514 ἡμῖν
511 3431 572 3510 πρὸ
587 3427 738 3514 βραχέως
759 3427 805 3489 ότι
827 3427 862 3488 τὸ
886 3427 1048 3507 ἀλλότριον
1073 3429 1200 3508 πρᾶγμα
1223 3426 1362 3512 ίσγυρῶς

183 3556 217 3610 ³⁰
235 3531 366 3614 δύναμαι
381 3531 569 3616 ληγατεόειν,
593 3529 663 3592 τότε
681 3530 744 3616 χρὴ
761 3529 841 3589 νοεῖν
864 3527 951 3612 ηνίκα
974 3528 1037 3609 ἐγὼ
1059 3529 1076 3589 ὁ
1099 3525 1361 3612 διατιθέμενοςῑθ)

234 3635 407 3720 ἠπιστάμην
429 3636 588 3718 ἀλλότριον
611 3631 687 3695 εἶναι
710 3635 810 3695 τοῦτο.
850 3631 877 3694 εί
898 3631 960 3714 γὰρ
982 3629 1123 3717 ἠγνόουν,
1148 3631 1361 3694 ἀνυπόστατον

303 3824 325 3886 ι)
343 3821 481 3874 τουτέστιν
500 3820 559 3873 ὅπου
578 3819 615 3870 Μ.
721 3817 744 3883 2)
762 3816 814 3870 M.:
836 3820 886 3869 cet.
907 3817 1067 3884 -ροῦσθοι,
1173 3817 1196 3882 ³)
1214 3819 1298 3868 τοῦτο
1309 3817 1360 3870 Ll.

233 3907 257 3972 ⁴)
277 3906 384 3957 -δόναι
401 3905 451 3958 Ιιθ.
471 3903 511 3957 Vi.
530 3903 562 3957 R.
637 3905 661 3967 ⁵)
678 3900 873 3967 ἀπαλλωτέρας
892 3898 974 3960 ὄντας
993 3901 1041 3952 διδ.
1061 3900 1112 3953 M.:
1132 3915 1190 3955 ιιοα
1205 3899 1312 3961 ὀὔτας’
1333 3901 1359 3953 d.

236 3990 278 4044 Vi.
296 3988 328 4045 R.
447 3991 470 4053 θ)
488 3989 525 4047 ὥς
542 3988 593 4040 bl.
612 3986 644 4044 F.
764 3986 786 4050 ⁷)
807 4003 887 4053 στηρ.
903 3987 930 4037 h.
949 3985 966 4038 l.
986 3986 1025 4038 Vi.
1045 3984 1078 4038 R.
1192 3986 1215 4049 8)
1232 3988 1248 4037 ὁ
1265 3985 1359 4054 κληρο-

237 4074 320 4137 νόμος
338 4071 381 4126 ad.
400 4072 448 4125 Ll.
611 4072 634 4137 ⁹)
652 4071 768 4139 μάρκιυν
789 4069 838 4121 Ll:
857 4069 973 4134 ua‘rcion
992 4070 1065 4123 L1⁸.:
1084 4085 1148 4124 mox
1166 4071 1290 4139 δημοσίου
1310 4069 1358 4122 Ιιθ.

236 4160 272 4224 1⁰)
290 4159 341 4211 M:
360 4164 410 4212 cet.
428 4157 533 4219 διαθὲμ.
