2990 4884
556 383 787 446 -111-

107 570 137 633 si
167 565 279 652 planta
314 568 435 636 radiosa
470 569 579 652 egerit
634 572 804 648 antequam
840 569 923 636 anim
951 585 1025 637 suas
1053 566 1153 651 ogeru
1182 586 1232 636 ra·

109 689 195 756 dieas
224 695 257 754 at
284 689 389 771 glebas
414 687 572 756 subiectas
595 687 853 771 apprehenderit,
881 687 1013 768 pristino
1036 685 1161 753 domino
1182 705 1232 752 ar·

111 810 168 874 bor
189 809 344 890 pertinet:
373 821 410 873 ex
438 825 500 890 quo
529 823 606 874 nero
636 806 757 874 radices
786 806 880 873 arbor
909 806 1026 890 egerit,
1055 807 1232 888 proprietas

110 929 177 992 eins
201 927 243 992 ad
266 926 422 992 dominnm
444 923 532 992 inndi
554 925 586 992 in
609 943 671 1009 qno
693 931 742 992 est
763 921 906 1007 plantata
929 922 1127 992 transiertnr.
1173 923 1232 990 ita-

108 1064 169 1127 que
199 1045 355 1113 ciusmodi
386 1044 529 1130 quaestio
558 1052 628 1111 orta
660 1051 717 1112 est.
773 1041 895 1111 uicinus
921 1062 1008 1110 meus
1036 1044 1068 1109 in
1097 1043 1231 1111 termino
1265 1045 1282 1096 ⁶

110 1167 176 1248 agri
199 1167 250 1232 sui
272 1183 369 1249 prope
390 1165 556 1232 confinium
579 1166 775 1247 praediorum
803 1183 943 1232 meorum
969 1161 1112 1231 arborem
1140 1164 1233 1232 habe·

110 1288 179 1354 bat:
203 1287 294 1352 cuius
315 1285 438 1352 arboris
459 1286 582 1352 radices
609 1285 668 1351 sub
697 1291 782 1350 terra
808 1281 972 1367 paullatim
999 1289 1176 1362 crescentes
1197 1284 1231 1348 in

110 1424 213 1472 mecm
236 1405 367 1472 fandum
387 1411 615 1488 peruenerunt,
643 1409 760 1471 terram
782 1405 890 1471 meam'
905 1403 1178 1487 apprehenderunt
1198 1411 1235 1468 et

108 1524 180 1590 inde
203 1524 319 1590 nutriri
339 1529 519 1605 coeperunt.
543 1541 614 1590 cum
635 1521 853 1606 ambigeretur,
877 1522 996 1604 placuit
1018 1539 1118 1588 meam
1141 1521 1231 1589 arbo

109 1665 175 1712 rem
196 1641 282 1712 fieri:
305 1645 467 1711 nonenim
488 1643 644 1727 permittit
666 1641 817 1710 naturalis
840 1644 920 1710 ratio
941 1643 1070 1709 alterius
1086 1644 1230 1709 arborem
1251 1646 1283 1697 10

110 1784 193 1846 esse,
217 1782 311 1846 quam
342 1765 430 1831 cuius
460 1763 493 1830 in
521 1762 617 1830 tundo
647 1761 769 1830 radices
796 1764 920 1830 habeat.
973 1768 1006 1829 et
1033 1760 1105 1828 ideo
1132 1781 1230 1849 prope

110 1884 188 1951 fines
212 1885 345 1952 duorum
367 1904 514 1968 agrorum
535 1903 617 1970 quae
639 1887 778 1951 nasetur
799 1885 902 1963 arbor,
925 1885 1013 1952 cuius
1035 1885 1157 1952 radices
1180 1905 1231 1952 ex·

111 2006 282 2070 tendantur
304 2010 336 2070 et
361 2010 530 2085 utrumque
558 2005 787 2087 amplectantur
816 2003 962 2084 fundum,
992 2005 1163 2072 eommunis
1184 2003 1229 2070 iit.

63 2124 161 2188 atii.
196 2124 287 2190 Siout
306 2123 433 2205 pentae
454 2140 534 2204 quae
555 2125 587 2188 in
610 2128 697 2190 terra
718 2125 903 2190 nutriuntur
922 2129 956 2190 et
969 2123 1147 2193 coalescunt
1161 2124 1231 2192 eius

109 2245 198 2323 liunt,
223 2245 311 2311 cuius
332 2243 473 2312 subiecta
495 2250 580 2310 terra
602 2249 659 2324 est,
682 2245 790 2311 eadem
813 2245 934 2311 ratione
956 2261 1037 2327 quae
1057 2249 1128 2310 sata
1146 2251 1229 2319 sunt
1250 2255 1281 2306 rs

112 2363 211 2431 ueluti
233 2363 424 2430 frumentum
445 2364 597 2432 hordeum
619 2371 724 2432 cetera
746 2365 777 2430 id
800 2383 908 2450 genus,
931 2364 997 2430 solo
1020 2365 1143 2430 cedunt.
1181 2369 1231 2428 set

111 2482 193 2551 sicut
215 2484 243 2549 is
265 2484 320 2566 qui
342 2484 424 2550 bona
449 2482 511 2551 fide
538 2486 568 2551 in
603 2483 702 2551 alieno
735 2484 801 2551 solo
834 2483 1064 2561 aeditieauerit,
1098 2482 1129 2548 in
1163 2500 1229 2547 rem

112 2603 235 2670 actions
258 2609 432 2672 conuentus
452 2625 509 2688 per
531 2605 743 2689 exceptionem
766 2605 830 2672 doli
857 2604 930 2671 mali
956 2604 1016 2672 sibi
1044 2599 1231 2671 indemnita-

111 2729 173 2788 tem
196 2721 329 2804 quaerit,
351 2723 396 2790 ita
418 2729 450 2791 ot
471 2726 525 2804 qui
549 2725 614 2790 suis
635 2724 784 2807 impensis
807 2723 944 2790 alienum
971 2722 1101 2790 fundum
1124 2740 1229 2798 eonse-

112 2841 203 2917 uerit,
225 2841 253 2907 ai
274 2842 367 2908 modo
389 2842 421 2907 id
442 2843 525 2909 bona
546 2841 608 2909 lide
627 2843 750 2921 iecerit,
772 2863 830 2927 per
849 2843 913 2910 doli
940 2843 1155 2926 arreptionem
1181 2850 1227 2908 tu·
1247 2855 1281 2906 ao

63 2967 163 3026 astus
184 2959 256 3026 erit.
301 2961 351 3025 33.
384 2960 464 3029 licis
485 2961 556 3046 quis
577 2963 694 3030 chartis
715 2964 945 3032 membranisue
967 2981 1044 3030 usus
1057 2963 1175 3045 aliquid
1196 2962 1229 3028 in

111 3078 211 3146 isdem
234 3081 377 3164 scripsit:
400 3088 433 3148 st
453 3081 512 3148 hoe
534 3099 609 3149 casu
631 3080 673 3149 ad
695 3083 929 3151 similitudinem
952 3083 1011 3150 soli
1037 3082 1229 3164 superimpo-

112 3197 173 3264 sita
194 3197 342 3267 subiectis
357 3200 476 3280 cedent,
499 3199 572 3270 licet
585 3221 699 3269 aureae
713 3199 778 3269 sint
791 3201 958 3285 inscriptae
971 3204 1094 3269 litterae
1109 3219 1230 3284 egoque

113 3319 182 3388 libri
206 3322 349 3388 dominus
370 3321 452 3388 fiam.
497 3340 598 3406 neque
619 3323 751 3390 interest
771 3340 812 3390 an
834 3325 997 3392 metricum
1025 3340 1165 3399 carmen,
1188 3338 1227 3386 an

112 3440 272 3508 historiam
295 3459 335 3508 an
357 3441 530 3510 orationem
551 3443 621 3526 quis
643 3444 812 3524 scripserit.
858 3445 885 3509 si
914 3461 989 3510 uero
1018 3441 1131 3508 librum
1159 3439 1229 3506 uin·
1246 3441 1280 3492 25
