3096 4890
589 429 803 476 mxv-

128 596 161 662 in
184 615 221 663 ea
235 596 406 663 lectitanda
419 604 565 663 uersmus
582 603 639 673 est,
662 601 699 661 ut
721 595 789 662 eius
806 595 912 661 stilum
934 597 1064 662 formem
1080 597 1178 664 uerba
1200 595 1253 662 de·

128 717 222 799 nique
244 717 313 798 ipsa
334 717 484 782 imitanda
506 714 565 781 sibi
589 718 802 797 proposuerit:
830 715 861 781 id
883 715 967 797 quod
997 716 1091 782 etiam
1120 724 1170 782 est
1197 717 1252 782 od·

128 836 304 915 secutae1)
360 835 437 900 haec
468 842 574 900 autem
602 832 811 915 Paraphrasis
845 841 955 916 utpote
993 853 1074 916 quoe
1107 854 1252 918 magnam

126 963 249 1036 partem
272 955 352 1022 libro
375 954 573 1033 inniteretur,
595 954 649 1037 qui
671 955 755 1020 haud
779 955 921 1038 exiguam
944 955 1055 1020 inisset
1082 954 1114 1021 in
1137 955 1252 1022 scholis

128 1076 349 1141 auctoritatem
379 1075 563 1154 adsecutus,
600 1075 679 1141 adeo
717 1077 800 1156 apud
831 1073 968 1142 Graecos
999 1074 1106 1141 stetim
1135 1075 1252 1141 usitata

126 1192 199 1268 fuit
222 1202 257 1260 ut
279 1193 394 1261 nullius
416 1194 497 1260 alius
519 1194 672 1260 uersionis
695 1194 832 1277 uestigia
854 1193 932 1259 satis
959 1201 1045 1259 certa
1068 1202 1251 1277 appareant.

126 1314 210 1379 Nam
233 1312 261 1378 si
282 1314 443 1394 regulas
466 1313 773 1379 Institutionum
797 1315 942 1394 excipito,
964 1333 1042 1397 quas
1071 1315 1169 1380 edidit
1190 1315 1253 1385 Ze-

128 1434 342 1500 chariaeus
371 1450 390 1498 a
419 1430 709 1515 Lingenthal'),
738 1451 881 1516 quaeque
911 1433 1103 1515 probabilius
1133 1453 1170 1498 ex
1200 1453 1252 1500 ue·

128 1559 197 1618 tere
219 1553 353 1636 quadam
376 1571 497 1618 summa
519 1551 757 1619 Institutionum
779 1561 945 1636 excerptae
960 1560 1042 1631 sunt,
1063 1571 1170 1619 omnes
1191 1551 1253 1618 loci

128 1676 183 1755 qui
205 1691 242 1737 ex
264 1671 517 1737 Institutionibus
540 1673 623 1754 apud
646 1673 783 1738 Graecos
806 1671 985 1739 referuntur
1007 1692 1044 1737 ex
1066 1672 1124 1738 hac
1145 1679 1253 1739 nostra

127 1791 316 1872 Paraphrasi
340 1800 396 1856 aut
418 1793 514 1856 uerbo
537 1798 629 1856 tenus
652 1792 767 1872 sumpti
789 1799 846 1857 aut
867 1793 899 1856 iu
924 1791 1098 1856 breuiorem
1122 1789 1252 1858 formam

127 1912 249 1978 redacti
270 1920 366 1995 atque
389 1910 533 1978 translati
557 1931 626 1978 esse
649 1912 805 1978 uidentur.

653 2151 725 2235 §a

197 2303 248 2369 De
275 2305 433 2371 codicibus
457 2323 551 2370 manu
579 2305 713 2386 scriptis,
737 2305 848 2387 quibus
871 2303 1077 2386 Perapbrasis
1100 2306 1189 2372 nobis

588 2434 716 2491 seruata
738 2433 794 2491 est.

218 2575 349 2643 Codices
372 2596 465 2642 manu
489 2576 596 2657 scripti
620 2579 652 2642 hi
675 2579 892 2644 innotuerunt:

266 2711 289 2776 Ι.
317 2714 546 2780 Vaticanus.
592 2733 638 2794 gr.
662 2714 788 2796 2063.⁸)
823 2716 894 2780 Bas
922 2715 990 2778 102.

198 2800 218 3008 Ι
258 2849 295 2913 ΙΙ.
320 2848 540 2914 Palatinus.
563 2870 609 2932 gr.
635 2852 683 2914 19.
706 2848 786 2915 Inde
808 2851 956 2932 descripti
979 2858 1066 2918 sunt:

235 2969 295 3032 na·
320 2968 601 3034 Bruxellensis
626 2971 850 3050 [Egnatianus]
874 2969 946 3034 403.

204 3012 297 3205 'Hb-
324 3088 618 3154 Laurentianus
642 3089 765 3164 LXXX,
790 3091 818 3153 6.

135 3331 162 3389 2,
180 3329 207 3388 7,
222 3330 247 3380 4.
266 3327 302 3381 id.
320 3327 401 3381 schol.
425 3326 487 3381 θαλ.
507 3327 561 3381 1111
581 3330 631 3384 770
649 3351 681 3374 =
700 3328 749 3381 Th.
769 3332 794 3396 3,
815 3333 859 3394 12,
881 3332 900 3383 1.
932 3326 1017 3394 Quod.
1035 3327 1069 3380 nd
1087 3327 1168 3381 schol.
1190 3325 1253 3380 θαλ.

131 3412 259 3467 1111723
283 3427 337 3466 non
362 3420 402 3465 est
425 3411 571 3465 Fabroti
597 3412 731 3465 sententia
758 3411 894 3465 reicienda
920 3411 1097 3465 existimantis
1125 3411 1169 3461 adn
1198 3413 1254 3470 τοῖς

132 3499 269 3566 πρώτοις(
289 3499 478 3567 potiusquam
498 3499 542 3549 rin
562 3501 618 3557 τοῖς
637 3495 824 3557 ὶνστιτούτοιςι
844 3497 986 3565 legendum
1004 3511 1072 3559 esse,
1091 3501 1122 3548 ut
1140 3495 1173 3549 de
1191 3495 1254 3564 Dig.

134 3590 157 3651 1,
174 3589 201 3645 5,
219 3589 252 3638 25
271 3600 303 3637 ea
321 3583 491 3652 accipiamus,
510 3584 556 3638 nbi
573 3584 656 3638 uerbo
675 3591 752 3638 tenus
771 3585 862 3638 eadem
881 3583 1059 3650 reperiuntur.

201 3672 224 3736 1)
243 3669 314 3722 Caue
333 3684 367 3722 ne
386 3675 489 3722 statuas
507 3669 714 3737 Stephanum
738 3684 847 3737 quoque
871 3683 967 3736 graece
990 3667 1174 3720 Institutiones
1194 3683 1251 3720 csse

132 3757 346 3824 interpretatum.
386 3755 464 3821 Quod
479 3757 548 3808 enim
567 3754 601 3810 ad
620 3756 700 3809 schol.
719 3755 800 3823 φησὶν
820 3754 847 3807 11
866 3758 916 3810 397
934 3752 1047 3816 adtinet,
1066 3752 1166 3806 nidesis
1184 3767 1253 3820 quae

132 3847 207 3896 recte
225 3841 329 3896 monuit
347 3842 593 3896 Heimbachius
613 3841 694 3896 Basil.
715 3840 751 3893 Vi
770 3845 811 3896 31.

200 3928 222 3994 θ)
237 3927 374 3982 Ἀνέκδοτα
391 3945 418 3997 p.
439 3932 580 3983 166-175.

200 4014 222 4079 ³)
240 4015 321 4070 Haud
335 4022 408 4070 recte
422 4013 493 4083 apud
505 4015 527 4068 Z
532 4015 751 4069 cohariaeum
764 4014 915 4068 Delineatio
928 4031 954 4082 p.
969 4018 1011 4081 26,
1024 4028 1102 4082 quem
1114 4011 1255 4080 descripsit

132 4099 337 4155 Mortrolins
355 4102 424 4154 Hist.
444 4101 479 4154 du
498 4101 535 4154 dr.
555 4100 690 4168 byzantio.
711 4106 732 4166 1,
749 4102 804 4166 127,
818 4107 858 4154 est
870 4099 931 4154 Bae.
947 4104 994 4154 115
1007 4099 1043 4168 (h.
1057 4114 1079 4151 e.
1093 4098 1153 4154 Vat.
1167 4101 1254 4165 2079),

134 4183 188 4252 qui,
207 4189 238 4236 ut
254 4186 312 4253 ipse
331 4186 485 4254 recognoui‚
503 4185 680 4253 Epitomen
698 4183 824 4240 continet.
