3078 4882
628 429 864 498 ...183-

181 615 254 701 diti,
275 617 433 701 rumpitur
454 617 572 684 lactum
603 622 827 690 uumerus
856 618 931 684 noui
955 618 1008 686 sai
1039 616 1165 686 herodis
1191 617 1311 702 edm·

137 736 167 788 2·
186 737 280 816 tione,
303 737 434 819 perinde
455 755 492 804 ec
513 738 542 803 si
563 743 729 820 postumus
746 743 845 804 natus
867 739 919 804 sit
954 739 986 802 2.
1019 736 1075 804 Set
1091 744 1130 803 et
1151 737 1310 821 posterius

182 859 405 921 testamentum
437 855 507 922 inre
538 856 713 938 perfectum
741 857 887 940 superius
916 875 1061 939 rumpere
1088 861 1211 942 potest;
1242 858 1310 924 sine

181 973 252 1053 quis
275 993 313 1042 ex
335 975 478 1041 coheres
499 976 646 1056 extiterit,
662 956 730 1042 siue
744 992 806 1048 non
822 976 971 1054 extiterit,
994 975 1048 1058 qui
1064 981 1169 1041 tumen
1184 977 1309 1046 omnino

183 1093 318 1167 existere
339 1094 478 1175 potuerit
499 1093 547 1178 (id
570 1094 652 1164 enim
679 1095 900 1166 tantummodo
925 1099 1105 1182 spectamus
1133 1113 1174 1166 an
1204 1094 1309 1178 aliquo
1343 1093 1361 1149 ὅ

182 1231 259 1280 casu
280 1213 419 1295 potuerit
441 1213 599 1296 existere).
629 1214 785 1296 quomodo
806 1218 912 1286 auteur
935 1231 1007 1280 cum
1030 1211 1101 1296 quis
1121 1213 1215 1286 heres
1238 1231 1309 1286 etse

181 1337 298 1414 posset,
322 1351 383 1398 non
403 1331 532 1398 omitit?
553 1331 636 1415 finge
658 1349 730 1398 curn
760 1333 815 1415 qui
843 1331 1017 1414 posteriore
1043 1337 1235 1398 testamento
1262 1332 1309 1404 in·

182 1450 314 1517 stitutus
336 1457 394 1529 est,
417 1451 625 1519 hereditatem
653 1451 836 1533 repudiasse
865 1450 918 1519 uel
943 1452 1020 1518 uiuo
1047 1457 1200 1517 testatore
1226 1468 1309 1516 mor-

182 1575 271 1636 tuum
295 1589 373 1650 esse,
397 1571 449 1637 uel
474 1579 548 1658 post
575 1577 707 1638 mortem
737 1571 864 1654 quidem
894 1571 1071 1652 testatoris,
1101 1578 1175 1637 ante
1203 1582 1308 1636 autem

182 1687 369 1764 aditionem3
396 1689 448 1759 uel
475 1709 513 1756 eo
542 1691 601 1758 sub
623 1692 804 1757 condicione
826 1692 959 1774 scripto,
991 1689 1203 1757 condicionem
1225 1690 1360 1758 dete-1⁰

182 1807 273 1875 cisse.
318 1814 414 1892 atque
439 1809 471 1873 in
502 1809 654 1878 eiusmodi
682 1809 808 1878 casibus
838 1808 938 1874 litut
968 1813 1117 1886 testator,
1144 1826 1216 1875 cum
1246 1808 1308 1880 duo

182 1927 356 2000 condiderit
384 1931 587 2006 testamenta,
615 1931 786 1998 intestatus
817 1928 965 2007 decedet,
992 1945 1063 1998 cum
1090 1927 1179 2010 prius
1208 1927 1308 1996 altero

182 2047 265 2112 iacto
287 2052 462 2128 rumpetur,
486 2048 642 2129 posterius
662 2065 748 2126 uero,
760 2064 835 2112 ,cum
856 2066 895 2112 en
912 2064 954 2112 eo
975 2065 1067 2113 nemo
1089 2047 1179 2112 heres
1202 2047 1308 2113 extite-

137 2175 165 2228 3.
184 2166 236 2245 rit,
258 2166 360 2231 nullas
382 2167 497 2232 haheat
519 2166 615 2234 uires,
664 2166 694 2230 3.
729 2165 785 2232 Set
812 2167 839 2231 si
866 2165 939 2248 quis
966 2166 999 2230 in
1027 2171 1215 2231 testamento
1242 2165 1308 2231 Pri·

183 2302 267 2349 mum
289 2285 436 2350 heredem
457 2285 604 2364 instituit,
628 2285 740 2351 deinde
766 2291 839 2365 post
867 2284 992 2367 aliquod
1022 2291 1146 2366 tempus
1173 2284 1306 2358 alterurn
1328 2297 1359 2350 15

182 2421 349 2486 aggressus
380 2411 428 2469 est
456 2410 695 2481 testamentum,
724 2403 807 2484 qnod
836 2409 869 2468 et
896 2402 965 2469 iure
991 2401 1134 2485 perfecit,
1164 2401 1308 2470 Secundo

182 2523 228 2589 ita
249 2521 365 2589 herede
391 2522 553 2591 instituto:
587 2519 796 2594 Secundus
829 2520 948 2588 heres
982 2527 1068 2594 esto
1098 2540 1142 2586 ex
1171 2522 1244 2586 illa
1272 2527 1309 2594 et

182 2640 253 2708 illa
275 2659 327 2720 re,
349 2639 547 2708 nihilominus
569 2641 668 2710 etita
689 2641 778 2722 prius
800 2641 956 2722 rumpitur
976 2645 1209 2709 testamentum.
1256 2659 1307 2713 ne·

181 2779 243 2842 que
265 2761 348 2826 enim
375 2760 449 2844 quin
476 2779 513 2826 ex
542 2766 630 2826 carta
658 2779 693 2826 re
719 2760 857 2842 scriptus
887 2766 936 2826 cst
965 2756 1127 2828 Secundus
1154 2760 1246 2826 heres
1275 2760 1308 2825 in

182 2879 355 2959 posteriore
376 2883 574 2955 testamento,
599 2878 669 2944 ideo
691 2877 812 2944 inutilis
838 2877 995 2944 institutio
1024 2884 1088 2952 eat,
1117 2879 1213 2962 idque
1239 2878 1307 2945 diui
1325 2880 1360 2934 2⁰

183 2997 320 3064 Seuerus
343 3004 375 3064 et
398 2999 575 3063 Antoninus
598 2997 836 3080 rescripserunt.
882 2997 949 3064 eius
978 3004 1083 3064 autem
1112 2998 1308 3064 constitutio-
1353 3089 1356 3094 Ι

181 3118 231 3185 nis
253 3119 354 3184 uerba
374 3125 449 3184 sunt
469 3120 547 3186 haec
570 3121 645 3203 (non
668 3119 750 3188 enim
771 3119 944 3184 absurdum
973 3124 1023 3184 est
1048 3137 1156 3183 eorum
1179 3117 1307 3183 mentio

182 3256 253 3309 nem
275 3237 400 3312 habere,
422 3256 493 3308 cum
516 3244 549 3303 et
570 3236 706 3306 altarum
728 3237 804 3318 qnid
826 3237 975 3312 utilitatis
997 3236 1069 3301 inde
1095 3235 1213 3318 percipi
1236 3252 1308 3317 pos·

181 3357 247 3438 sit).
293 3361 427 3421 testatus
450 3354 553 3422 lueret
575 3355 702 3438 quidam
724 3355 894 3438 pluresque
916 3356 1083 3436 scripserat
1105 3353 1253 3420 heredes:
1274 3353 1307 3420 in

181 3476 355 3558 posteriore
388 3479 577 3540 testamento
610 3472 707 3539 alium
743 3472 899 3556 quendam
934 3491 972 3538 cx
1007 3473 1102 3537 certis
1136 3473 1231 3537 rebus
1261 3471 1307 3537 in·
1324 3489 1358 3542 uo

182 3596 346 3676 sumeret,
369 3595 489 3664 addens
512 3611 582 3661 sese
604 3592 693 3674 prius
721 3599 943 3664 testamentum
970 3589 1173 3660 nihilominus
1201 3591 1307 3660 ualere

182 3713 272 3780 aelle.
317 3711 395 3778 (inm
418 3717 563 3779 mortuus
584 3717 678 3788 esset,
701 3710 801 3778 reluta
818 3728 875 3776 res
897 3715 947 3778 est
966 3708 1009 3775 ad
1031 3699 1183 3777 Seuerum
1199 3715 1231 3777 ct
1245 3708 1308 3775 An·
