3038 4884
714 425 926 489 ‚37-

264 609 429 696 αἰρέσει,
451 611 501 674 ἰνα
520 611 564 697 μή
586 611 604 674 ό
626 610 780 700 δεσπότης
801 611 984 692 ἀγανακτῶν
1006 608 1122 674 έσθότε
1142 609 1219 673 κατὰ
1233 612 1289 672 τοῦ
1312 609 1388 674 οἰκέ-

262 737 328 793 του,
352 712 487 798 αἱρέσεις
509 713 542 776 έν
566 714 602 799 τῇ
622 714 734 797 πράσει
755 713 889 797 βαρείας
909 713 1069 800 έγγριίφη,
1097 711 1317 798 συμφωνήσας
1337 734 1388 776 τυ-

262 818 327 905 γδν,
351 808 430 894 ῶςτε
452 816 545 880 οάτδν
568 814 643 880 εῖναι
665 816 699 880 έν
721 816 861 901 δεσμοῖς,
889 815 908 904 ή
931 815 980 880 ἐπὶ
1008 819 1055 903 τῷ
1081 815 1241 904 μηδέποτε
1262 812 1391 880 έλευθε·

261 919 424 1008 ρωθήναι,
448 917 468 1006 ἢ
498 919 546 982 ἐπὶ
567 920 614 1004 τῷ
634 919 725 982 οἰκεῖν
755 919 847 982 αὐτὸν
877 918 910 981 ἐν
935 920 1031 1008 χώρᾳ
1059 919 1261 1005 βαρυτάτους
1289 919 1389 1004 ἀέρας

230 1023 382 1112 δέγοόση
407 1026 471 1097 τοῖς
493 1020 616 1108 ἀήθεσι,
640 1023 687 1084 καί
709 1020 833 1106 γένηται
855 1021 1015 1108 παρρησία
1039 1025 1084 1108 τῷ
1112 1021 1247 1108 δεσπότῃ
1278 1022 1387 1104 πιπρά·

265 1150 366 1192 σκοντι
388 1125 439 1189 διὰ
460 1127 522 1187 τῶν
546 1124 669 1187 πάκτων
689 1121 896 1207 τιμωρεῖσθαι
924 1125 974 1187 καί
1002 1125 1083 1208 μετὰ
1110 1123 1166 1209 τήν
1193 1125 1307 1206 πράσιν
1336 1123 1389 1186 τόν

263 1229 391 1316 οἰκέτην.
443 1225 553 1310 ὀρθῶς
580 1225 616 1289 δὲ
645 1225 764 1290 κάκεῖνο
793 1227 811 1288 δ
844 1223 991 1306 βασιλεὺς
1026 1225 1213 1310 προσέθεικε
1246 1227 1281 1289 τδ
1310 1225 1387 1307 καίῑ)

263 1329 422 1418 πραθῆναι
449 1329 503 1392 τὸν
533 1327 651 1414 οἰκέτην
678 1329 728 1392 καί
757 1330 790 1391 τὸ
820 1328 935 1414 τίμημα
963 1327 1095 1417 δοθῆναι
1124 1326 1171 1415 τῷ
1199 1325 1387 1414 δεσπότᾳ),

263 1433 311 1498 ἵνα
332 1433 350 1494 ό
370 1433 428 1514 μὲν
450 1429 570 1517 οἰκέτης
596 1430 646 1494 διά
669 1435 726 1518 τής
753 1433 902 1514 πράσεως
924 1431 1061 1520 διαφόγη
1085 1435 1192 1517 πικρὸν
1220 1431 1387 1516 δεσπότην,

214 1534 281 1600 1οό
304 1535 341 1599 δὲ
363 1534 517 1619 δεσπότης
534 1533 578 1619 μή
602 1531 745 1620 ζημιωθῇ
768 1535 819 1598 τὸν
842 1533 960 1622 οἰκέτην
983 1535 1034 1600 διὰ
1056 1540 1113 1622 τῆς
1136 1538 1188 1598 τοῦ
1220 1535 1389 1621 τιμήματος

263 1639 400 1726 λήψεως.
444 1636 491 1698 καί
515 1635 559 1720 μή
589 1634 799 1716 ἀγονακτείτω
829 1637 846 1698 δ
876 1635 1031 1723 δεσπότης
1057 1637 1114 1724 μή.
1129 1635 1389 1724 συγχωροῦμενος

264 1745 326 1803 τῶν
349 1739 433 1803 ἰδίων
456 1735 562 1825 ἄρχειν
585 1735 732 1801 οἰκετῶν·
763 1739 780 1800 ό
810 1738 870 1822 γὰρ
897 1739 1046 1822 βασιλεὺς
1076 1742 1124 1803 καὶ
1154 1739 1286 1814 ἄκοντας
1316 1738 1389 1812 τοὺς

265 1841 419 1928 ὑπηκόους
448 1841 614 1925 εὐεργετεῖ.
659 1842 739 1915 εἰκὸς
769 1841 829 1926 γὰρ
856 1841 894 1930 ήν
922 1843 1041 1918 οἰκέτας
1070 1844 1267 1926 ἀποροῦντας
1297 1863 1389 1905 κατα-

265 1949 368 2030 φυγῆς
390 1943 522 2019 ἑαυτοὺς
544 1943 662 2006 ἀνελεῖν
684 1943 703 2028 ή
726 1945 774 2006 καί
796 1947 882 2030 φυγῇ
903 1943 1121 2032 χρησαμένους
1149 1947 1200 2008 τὸν
1231 1945 1387 2030 δεσπότην
1507 2013 1508 2018 1

216 2061 247 2112 15
267 2049 416 2135 ζημιῶσαι
443 2047 499 2132 τὴν
529 2047 641 2111 οἰκείαν
668 2048 772 2133 τιμήν·
806 2038 886 2121 ῶςτε
914 2046 969 2112 οῦν
999 2048 1189 2134 ἀμφοτέρων
1219 2049 1386 2133 ἐποιήσατο
1507 2079 1508 2108 ι

265 2150 421 2234 πρόνοιαν,
445 2151 492 2212 καί
513 2154 577 2212 τῶν
600 2149 763 2213 δεσποτῶν
792 2151 842 2214 καί
868 2155 929 2214 τῶν
960 2152 1095 2217 οἰκετῶν.
1147 2150 1304 2226 λυσιτελὲς
1324 2149 1387 2231 γάρ

265 2253 361 2335 ἐστι’)
390 2254 428 2338 τῇ
450 2251 584 2338 πολιτείᾳ
605 2252 640 2313 τὸ
661 2251 782 2337 μηδένα
805 2257 906 2330 κακῶς
928 2277 965 2339 τη
989 2254 1085 2340 οἰκείᾳ
1108 2253 1281 2342 κεχρῆσθαι
1304 2274 1388 2335 περι-

234 2432 236 2438 ,
265 2355 364 2442 ουσίᾳ.
388 2355 453 2419 ἐστὶ
475 2354 512 2418 δὲ
532 2354 571 2418 τὰ
587 2359 642 2443 τής
657 2354 830 2431 διατάξεως
842 2357 971 2444 ῥήματα
994 2360 1072 2441 πρὸς
1092 2356 1236 2440 Αέίίοηέ)
1252 2353 1388 2420 Marcia·

264 2456 328 2522 υὸυ
357 2455 586 2540 ἀντιγραφέντα
621 2453 654 2517 έν
687 2455 822 2529 τούτοις·
859 2457 932 2542 »τήν
962 2462 1023 2520 τῶν
1056 2458 1216 2522 δεσποτῶν
1245 2459 1387 2531 ἐξουσίαν

213 2570 248 2622 20
268 2558 438 2643 »ἀμείωτον
476 2558 552 2622 εῖναι
574 2558 638 2646 χρὴ
666 2559 744 2622 κατὰ
777 2563 839 2622 τῶν
872 2559 1000 2623 οἰκετιῦν
1034 2562 1083 2623 καί
1113 2561 1149 2625 ου’
1183 2563 1233 2624 δεῖ
1265 2560 1385 2641 τοῦτοί)

267 2657 372 2746 »νόμῳ
395 2659 617 2742 περαιοῦσθαι·
639 2661 798 2724 τουτέστιν
813 2661 849 2724 ον’
872 2662 923 2725 δεῖ
942 2663 1044 2726 τίποτε
1070 2668 1132 2726 τῶν
1153 2667 1208 2728 τοῦ
1231 2663 1386 2726 δεσπότου

267 2763 413 2826 »δικαίων
434 2770 576 2849 μειῶσαι.
621 2765 774 2849 συμφέρει
797 2766 864 2848 δὲθ)
889 2769 937 2830 καί
964 2772 1030 2843 τοῖς
1055 2767 1218 2842 δεσπόταις
1245 2770 1283 2829 τδ
1309 2768 1386 2854 βοη-

268 2865 412 2930 »θεῖσθαι
434 2867 506 2943 τοὺς
528 2867 647 2944 οἰκέτας
668 2872 772 2944 κακῶς
793 2869 989 2953 φερομένους
1012 2870 1070 2933 ὑπὸ
1091 2875 1154 2934 τῶν
1177 2869 1345 2934 δεσποτῶν
1366 2869 1386 2957 ή

267 2967 323 3042 νέξ
343 2969 441 3054 όργής
463 2969 600 3054 ἀμέτρου
623 2967 642 3056 ή
664 2970 751 3052 λιμοῦ
774 2968 794 3057 ἢ
816 2966 944 3054 ῦβρεως
967 2973 1141 3058 ἀφορήτου.
1164 2972 1240 3038 ὅθεν
1268 2973 1304 3036 οῦ
1323 2973 1385 3060 χρὴ

213 3095 246 3148 25
268 3070 451 3157 »ἀρνεῖσθαι
473 3077 536 3148 τοῖς
558 3073 658 3136 δίκαια
680 3073 817 3138 αἰτοῦσιν
844 3075 982 3153 οἰκέταις.
1009 3077 1158 3158 διάγνωθι
1191 3078 1293 3142 τοίνυν
1316 3078 1386 3156 περὶ

268 3180 342 3263 »τής
361 3173 510 3260 μέμψεως
540 3179 601 3248 τῶν
632 3173 730 3238 όντων
757 3177 813 3259 μὲν
844 3177 878 3240 ἐκ
907 3183 961 3264 τῆς
982 3177 1065 3243 Ιυίίυ
1088 3179 1208 3246 Sabinu
1236 3176 1385 3256 familias,

267 3277 527 3363 »καταφυγόντων
550 3277 586 3341 δὲ
608 3276 657 3341 έπί
679 3277 881 3361 ἀνδριάντας·
905 3281 953 3343 καί
975 3281 1002 3344 εἰ
1017 3281 1118 3369 ζητοῦν
1138 3273 1267 3368 εῦρηςῚ)
1290 3281 1384 3344 ἀπάν-

268 3378 416 3464 »θρωπον
439 3381 509 3464 περὶ
530 3379 643 3458 οῦτοδς
664 3382 717 3443 τὸν
740 3380 882 3447 Sabinou
903 3382 985 3472 ήπερ
1015 3381 1119 3472 έγρην,
1146 3383 1165 3472 ή
1193 3385 1238 3460 εἰς
1260 3384 1385 3471 αἰσχρο-

268 3484 380 3569 ιτάτην
407 3483 519 3556 αὐτοὺς
540 3482 746 3556 έλιιυσθέντας
769 3485 895 3563 πρᾶξιν,
918 3486 1203 3570 διαπιπράσκεσθαι
1231 3486 1383 3559 κέλευσον,

213 3601 248 3655 30
268 3580 369 3652 τοῦτον
384 3583 499 3670 μέντοι,
523 3581 605 3661 ὥςτε
625 3587 669 3671 μή
685 3585 893 3671 ὑποστρέφειν
917 3586 1033 3664 αὐτοῦς
1053 3589 1098 3664 εἰς
1119 3589 1174 3674 τήν
1190 3592 1244 3652 τοῦ
1267 3609 1385 3671 πεπρα-

268 3689 408 3771 »κοτοςῆ
432 3687 621 3752 δεσπότειαν.
645 3688 673 3750 εἰ
702 3689 762 3772 γὰρ
791 3690 809 3751 ό
838 3689 1002 3776 εἰρημένος
1024 3689 1161 3780 Sabinos
1191 3692 1270 3776 πρὸς
1301 3711 1385 3770 περι-

267 3791 411 3876 νγραφην
433 3795 490 3877 τῆς
510 3790 653 3876 τοιαύτης
674 3789 791 3873 πρᾶξαί
814 3815 839 3854 τι
854 3790 1007 3879 διανοηθῇ
1020 3793 1193 3866 διατάξεως
1208 3793 1284 3857 κατὰ
1301 3791 1385 3876 πρῶ-

267 3916 341 3980 »την
366 3893 425 3978 μέν
454 3892 524 3976 ὄφιν
554 3894 605 3955 τόν
632 3892 781 3978 οἰκέτηνδ)
810 3894 973 3980 πωλήσας,
1002 3895 1064 3982 ἰδίᾳ
1094 3895 1130 3958 δὲ
1159 3896 1383 3982 συμφωνήσας,

332 4062 356 4130 ¹)
374 4062 418 4114 καί
435 4060 466 4115 τδ
484 4059 517 4116 R.
632 4058 655 4126 ⁹)
673 4078 744 4130 πικρ.
763 4062 835 4128 διαφ.
855 4062 932 4115 δεσπ.
950 4062 980 4115 Ρ.
1100 4064 1124 4131 3)
1141 4065 1255 4133 πρᾶγμα
1271 4062 1332 4118 εδδ.
1351 4062 1382 4115 F.

264 4149 298 4204 R.
399 4149 422 4216 ⁴)
441 4144 552 4200 Σέντιον
571 4145 601 4201 Ρ,
719 4147 743 4215 5)
762 4147 850 4218 τούτῳ
867 4148 899 4202 F.
918 4148 1008 4219 τούτῳ
1026 4150 1066 4218 τῷ
1083 4147 1116 4204 R.
1239 4149 1262 4218 ὅ)
1279 4147 1334 4217 γάρ
1351 4147 1382 4200 Ρ.

264 4235 288 4301 7)
307 4251 382 4294 -οις
399 4233 432 4289 F.
451 4233 524 4293 -εῖς
540 4230 601 4286 εδδ.
619 4231 660 4286 ed.
678 4238 734 4286 ant.
751 4232 783 4286 F.
851 4234 874 4302 Β)
890 4252 980 4287 -των
998 4233 1027 4288 Ρ.
1105 4235 1129 4303 ⁹)
1147 4235 1212 4295 τοὺς
1229 4234 1334 4295 οἰκέτας
1350 4233 1384 4289 R.
