2990 4884
570 435 781 500 ..73-

105 621 213 701 primo
235 621 304 687 loco
327 621 469 686 consules
498 621 663 702 utriusque
691 639 784 690 sexus
812 622 938 705 pupillis
968 643 1005 691 ex
1034 623 1236 707 inquisitione

106 745 233 804 tutores
256 739 340 816 dare,
364 739 558 821 inquirentes
580 740 699 806 scilicet
720 760 760 806 an
781 742 954 822 locupletes
980 745 1044 809 sint
1072 745 1126 824 qui
1153 750 1236 810 tuto·

105 877 161 923 res
185 859 249 922 sint
270 857 378 935 futuri,
402 877 442 923 an
464 857 556 939 frugi,
579 877 619 923 an
643 858 770 924 ualeant
785 859 887 926 alicua
903 860 985 926 bona
1001 860 1235 928 administrare.

106 983 183 1056 post
204 995 280 1042 uero
303 977 446 1042 consules
469 979 564 1043 etiam
585 983 748 1058 praetores
771 998 808 1042 ex
831 980 1110 1046 constitutionibus
1126 982 1233 1047 eadem

106 1094 260 1160 feceruut.
305 1095 484 1174 praedictae
506 1094 587 1159 euim
616 1094 719 1177 leges,
750 1094 847 1161 Atilia
875 1103 907 1162 et
934 1097 1033 1175 Titia,
1064 1117 1166 1180 neque
1196 1099 1235 1164 de
1269 1118 1285 1168 o

106 1215 254 1280 cautione
275 1232 296 1279 a
317 1214 474 1279 tutoribus
497 1215 703 1295 praestanda,
729 1233 794 1280 rem
817 1214 928 1298 pupilli
952 1216 1070 1281 saluam
1093 1214 1170 1296 fore,
1192 1217 1235 1279 lo-

105 1333 289 1413 quebantur
315 1350 416 1413 neque
443 1333 482 1399 de
509 1332 729 1415 compellendis
757 1334 916 1400 tutoribus
945 1335 985 1398 ad
1015 1333 1125 1415 pupilli
1153 1333 1235 1399 bona

56 1453 84 1502 4.
105 1450 357 1516 administranda
386 1450 557 1533 quidquam
586 1450 827 1517 constituebant.
870 1452 900 1514 4.
924 1449 980 1516 Set
1003 1451 1061 1516 hoc
1084 1451 1153 1518 iure
1175 1451 1236 1543 uti-

105 1586 179 1632 mur
202 1576 238 1634 ut
260 1571 376 1636 Romae
398 1573 523 1651 quidem
547 1572 723 1655 praefectus
746 1572 816 1638 urbi
839 1571 890 1637 uel
913 1578 1042 1655 praetor
1063 1573 1233 1638 secundum

103 1707 199 1754 suam
232 1690 477 1758 iurisdictionem
510 1698 646 1758 tutorem
675 1692 763 1758 dent:
799 1692 870 1757 ideo
892 1696 1008 1756 autem
1042 1693 1232 1758 »seeundum
1253 1712 1286 1763 10

102 1825 198 1872 suam
220 1809 484 1876 iurisdictionem«
510 1811 589 1884 dixi,
613 1811 686 1892 quia
707 1817 782 1875 suut
811 1810 926 1892 quibus
955 1811 1029 1877 urbi
1057 1811 1234 1892 praefectus

102 1947 170 1992 non
195 1946 270 1992 uero
297 1933 424 2010 praetor
452 1934 588 1994 tutorem
619 1929 695 1994 dare
722 1929 837 2013 possit:
866 1930 898 1994 iu
930 1929 1101 2010 prouinciis
1128 1935 1233 1996 autem

101 2045 268 2126 praesides
295 2047 526 2126 prouinciarum
553 2047 604 2111 uel
631 2047 834 2136 magistratus
864 2047 953 2112 iussu
983 2048 1180 2129 praesidum,
1208 2049 1234 2112 si

53 2182 80 2231 5.
102 2181 227 2244 paruae
248 2164 311 2228 sint
332 2163 519 2246 pupillorum
547 2164 728 2244 facultates,
756 2170 878 2230 tutores
907 2164 1037 2246 eligant.
1083 2167 1112 2229 5.
1147 2162 1234 2229 Prin-

103 2299 181 2365 ceps
202 2287 309 2347 autem
332 2289 439 2348 noster
460 2301 516 2365 per
538 2301 627 2348 suam
649 2284 904 2349 constitutionem
933 2283 1113 2350 huiusmodi
1136 2283 1284 2349 homi-15

102 2419 183 2466 uum
205 2397 405 2468 difficultates
419 2419 575 2482 resecans,
596 2403 690 2468 iussit
704 2403 884 2469 defensores
906 2401 1092 2479 ciuitatium,
1116 2401 1234 2483 praesi-

102 2519 183 2584 dum
205 2519 344 2585 iussione
365 2539 427 2586 nou
450 2527 623 2603 expectata,
646 2521 674 2586 si
695 2521 806 2604 pupilli
835 2525 892 2587 aut
913 2521 1043 2585 minoris
1065 2517 1232 2586 facultates

102 2636 210 2701 minus
234 2636 261 2700 D
290 2637 398 2704 solidis
428 2637 577 2716 ualeant,
611 2638 704 2703 simul
730 2655 800 2705 cum
828 2637 970 2704 ciuitatis
996 2637 1232 2721 religiosissimo

103 2756 268 2837 episcopo,
291 2756 547 2822 conuenientibus
569 2755 641 2821 allis
663 2773 788 2838 quoque
810 2757 945 2838 publicis
967 2758 1126 2840 personis,
1150 2758 1231 2822 idest

103 2873 354 2956 magistratibus,
376 2877 472 2957 atque
494 2874 701 2940 Alexandriae
722 2875 867 2954 iuridico,
890 2881 1011 2942 tutores
1032 2894 1089 2942 seu
1109 2883 1231 2943 curato·
1248 2889 1283 2940 ao

102 3010 156 3057 res
180 3010 296 3070 creare,
319 2993 461 3074 legitima
481 2995 625 3060 cautione
647 2986 819 3062 secundu‘m
849 3014 887 3062 ea
915 3013 996 3077 quae
1024 2996 1131 3062 eadem
1160 3014 1232 3062 con·

103 3110 272 3176 stitutione
300 3113 500 3178 continentur
526 3113 733 3195 praestanda,
766 3114 908 3194 periculo
940 3131 1048 3180 eorum
1081 3115 1136 3197 qui
1162 3131 1231 3178 eam

54 3248 81 3302 o.
103 3229 271 3312 accipiunt,
293 3231 321 3296 si
341 3231 513 3313 locupletes
535 3251 596 3298 non
619 3232 682 3298 sint
702 3233 757 3312 qui
778 3250 848 3298 eam
878 3232 1062 3313 praebeant
1107 3231 1136 3293 6.
1170 3228 1231 3294 Im·

101 3348 242 3430 puberes
263 3354 369 3415 autem
391 3349 423 3414 in
449 3350 551 3416 tutela
577 3368 648 3417 esse
673 3351 811 3417 naturali
848 3350 909 3416 iuri
943 3349 1131 3418 conueniens
1165 3354 1230 3427 est;
