3078 4882
706 441 938 520 „162-

256 647 339 735 χειρὶ
368 646 401 709 τὸ
432 647 485 708 τοῦ
515 643 710 729 κληρονόμου
732 640 844 726 ὄνομα,
876 643 896 726 ή
926 639 1033 706 αὐτῶν
1060 639 1198 727 ἔρρωται
1224 642 1385 728 βούλησις.

261 747 465 838 ήσχολημένοι
487 748 548 830 γὰρ
576 746 647 828 περὶ
677 745 729 830 τήν
759 743 923 827 στρατείαν
951 743 1079 820 ελκότως
1107 745 1272 826 ἀγνοοῦσιν
1300 746 1385 827 ἀκρι·

259 851 353 934 βείας
376 852 499 935 ἁπάσης
521 847 745 935 παρατήρησιν.
790 845 867 908 ἀλλὰ
888 847 981 909 πάλαι
1007 847 1065 927 μὲν
1093 848 1291 934 ὁπουδήποτε
1320 847 1384 911 διά·

261 976 368 1035 γοντες
400 955 625 1037 στρατιωτικῶς
657 949 808 1036 ήδύναντο
844 948 1056 1013 διατίθεσθαι·
1092 948 1230 1024 διάταξις
1265 949 1302 1012 δὲ
1330 953 1383 1012 τού

226 1035 415 1141 οημετέροο
436 1053 596 1135 βασιλέως
624 1052 693 1115 τότε
723 1052 945 1138 συνεχώρησεν
977 1051 1081 1125 αὐτοῖς
1105 1055 1197 1116 τοῦτο
1228 1053 1384 1134 πράττειν,

260 1156 347 1242 ηνίκα
370 1154 402 1219 ἓν
425 1155 566 1238 κάστροις
580 1153 679 1241 ήτοιῑ)
695 1153 728 1215 έν
743 1158 789 1238 τῷ
805 1151 963 1236 expeditcp
986 1152 1154 1234 διάγωσιν·
1178 1151 1384 1239 ύπωςδήποτε

260 1260 320 1342 γὰρ
343 1259 363 1344 η
384 1258 532 1344 βούλησις
554 1255 656 1319 αύτῶν
684 1255 854 1340 ἐγγράφως
882 1253 901 1339 ή
931 1255 1089 1339 ἀγράφως
1118 1254 1383 1335 διατοπωθεῖσιιθ)

261 1361 295 1423 τὸ
314 1361 444 1447 ἰ’σχυρδν
467 1356 563 1446 ἐχέτω
586 1356 621 1420 έν
641 1355 745 1443 ἑαυτή.
790 1356 824 1419 έν
847 1356 893 1430 οἷς
915 1355 951 1419 δὲ
968 1355 1096 1442 χρόνοις
1118 1354 1150 1418 έν
1178 1355 1300 1441 ἑτέροις
1322 1357 1386 1420 δια·

260 1461 390 1544 τρίβωσι
417 1460 522 1534 τόποις
552 1457 572 1544 ή
600 1459 633 1521 ἐν
660 1461 724 1532 τοῖς
749 1458 926 1541 λεγομένοις
960 1457 1062 1520 αὐτῶν
1095 1457 1287 1542 εούύίοίεί),
1324 1465 1384 1523 τῶν

211 1568 243 1620 10
261 1567 488 1649 στρατιωτικῶν
510 1559 544 1624 ἑν
574 1563 619 1645 τῷ
647 1559 842 1624 διατίθεσθαι
873 1563 1051 1642 πρανομιῶν
1080 1561 1135 1624 ούκ
1163 1561 1384 1626 ἀπολαύσουσι.

261 1668 309 1729 καί
330 1664 504 1736 ύπεξούσιοι
527 1661 562 1725 δὲ
584 1660 673 1739 ὄντες
694 1662 861 1738 ἀκωλύτως
882 1662 1073 1729 διατίθενται
1100 1666 1256 1751 πανταχοῦ
1277 1663 1384 1746 μέντοι

260 1769 315 1853 τήν
338 1766 497 1851 ἀκρίβειαν
520 1766 814 1850 παραφυλάττοντες
836 1766 868 1829 ἐν
892 1765 920 1851 ᾤ
941 1771 1006 1830 τῶν
1030 1771 1174 1853 κάστρων
1197 1768 1269 1830 είσίν
1285 1766 1384 1840 ἐκτός.

264 1873 291 1932 l.
328 1868 388 1932 θάκ
409 1868 524 1932 ἄτοπον
547 1868 584 1931 δὲ
606 1869 650 1944 εἷς
669 1868 765 1950 μέσον
788 1870 914 1952 ἀγαγεῖν
941 1873 991 1933 καί
1013 1871 1067 1953 δά)
1089 1869 1235 1953 Τταίύυφ
1257 1871 1306 1953 τῷ
1326 1868 1386 1950 βα·
1407 1887 1429 1935 1.

262 1972 370 2053 σιλεῖί)
393 1973 463 2054 περὶ
485 1974 705 2057 στρατιωτικῆς
727 1969 845 2056 εἴρηται
867 1970 1020 2060 διαθήκης
1042 1972 1091 2036 ἐπὶ
1119 1972 1257 2054 θέματος
1286 1971 1386 2034 τοωύ-

211 2095 241 2145 15
260 2098 324 2138 του.
375 2075 569 2159 στρατιώτης
603 2094 647 2147 τις
680 2075 951 2158 συγκαλεσάμενός
984 2098 1068 2152 τινας
1103 2073 1153 2137 ἐπὶ
1184 2073 1287 2136 αὐτῶν
1316 2072 1386 2136 εἶπε

260 2175 382 2257 τόνδεθ)
404 2173 579 2256 βούλεσθαι
599 2176 791 2262 κληρονόμον
813 2175 938 2256 αύτοῦί)
961 2177 1108 2257 γενέσθαι
1129 2176 1182 2239 τύν
1205 2175 1240 2238 δὲ
1263 2176 1385 2261 οἰκέτην

260 2279 387 2360 αύτοῶθ)
417 2277 680 2363 έλευθερωθήναι.
731 2279 886 2362 ἀγράφως
912 2278 949 2342 δὲ
981 2284 1076 2344 ταῦτα
1106 2276 1286 2360 ἐτράπετο.
1333 2277 1386 2362 ζή-

262 2403 347 2468 τησις
367 2381 447 2462 μετὰ
470 2382 522 2465 τήν
546 2379 639 2442 αὐτοῦ
661 2382 806 2467 τελευτήν
835 2381 952 2462 μεταξύ
984 2381 1044 2444 τῶν
1073 2381 1111 2453 ἐξ
1137 2379 1308 2445 ἀδιαθέτου
1337 2380 1388 2441 καί

261 2481 316 2544 τού
338 2481 569 2563 ὀνομασθέντος
589 2483 781 2568 κληρονόμου
806 2485 935 2569 ἀνεφύη.
984 2487 1032 2547 καί
1058 2486 1086 2548 οί
1112 2483 1169 2567 μὲν
1198 2483 1236 2554 ἐξ
1257 2481 1388 2544 ἀδιαθέ-

207 2600 242 2653 20
260 2607 314 2646 του
335 2583 440 2665 ἔλεγον
464 2585 500 2646 τὰ
528 2586 611 2668 παρὰ
639 2588 695 2648 τοῦ
724 2587 965 2673 τελευτήσαντος
995 2586 1146 2672 εἰρημένα
1179 2585 1234 2671 ούχ
1263 2585 1309 2658 ῶς
1338 2583 1388 2646 ἐπί

261 2685 362 2769 ἐννοίᾳ
385 2683 536 2772 διαθήκης
558 2685 703 2772 εἰρῆσθαι
710 2737 718 2768 ,
747 2689 764 2750 ό
794 2687 830 2751 δὲ
860 2688 1050 2774 κληρονόμος
1073 2685 1320 2771 προεβάλλετοθ)
1348 2683 1388 2747 τὸ

260 2785 477 2870 στρατιωτικὸν
499 2789 667 2873 προνόμιον
690 2789 809 2852 ἐκεῖθεν
832 2791 885 2876 τήν
907 2789 1063 2877 διαθήκην
1084 2791 1238 2873 βεβαιῶν.
1275 2787 1386 2850 Στατί-

260 2889 367 2969 mem)
391 2889 426 2952 δὲ
449 2888 597 2975 Σεβήρσς
627 2895 680 2976 τῆς
710 2892 852 2977 τοιαύτης
881 2892 1086 2977 ἀκροώμενος
1113 2891 1308 2976 ἀμφιβολίας
1337 2889 1389 2952 ἐπὶ

261 2989 420 3055 Τταίυυὸυ
443 2992 580 3077 ἀνήγαγε
606 2991 661 3056 τὸν
685 2992 854 3058 θειότατον.
903 2997 921 3058 ό
945 2994 979 3058 δὲ
1009 2994 1183 3078 ἀντέγραφε
1213 2996 1328 3056 ταῦτα·
1352 2995 1387 3054 τὸ

209 3108 243 3160 25
262 3092 480 3180 στρατιωτικὸν
515 3095 681 3179 προνόμιον
716 3093 750 3157 τὸ
769 3096 874 3179 λέγον
901 3098 957 3173 τὰς
990 3096 1193 3181 θπωςδήποτε
1221 3095 1389 3178 γινομένας

261 3194 320 3259 ὑπὸ
344 3194 406 3259 τῶν
434 3195 634 3279 στρατιωτῶν
664 3195 818 3282 διαθήκας
844 3198 983 3280 βεβαίας
1012 3197 1089 3261 εἶναι
1116 3196 1217 3270 οὕτως
1246 3194 1389 3262 νοεῖσθαι

256 3298 334 3385 χρὴ,
363 3299 442 3374 ῶςτε
476 3299 552 3361 κατὰ
582 3299 739 3383 προτέραν
773 3301 856 3372 τάξιν
889 3299 1046 3386 πρόδηλον
1079 3297 1156 3362 ελναι
1190 3297 1225 3362 τὸ
1259 3301 1389 3384 γεγενή·

261 3399 336 3463 σθαι
345 3403 382 3482 ¹¹)
406 3400 572 3487 διαθήκην,
595 3401 657 3464 εἴτε
687 3401 845 3486 ἔγγραφον
873 3401 936 3465 εἴτε
967 3400 1120 3485 ἄγραφον.
1165 3403 1183 3462 θ
1210 3401 1311 3463 τοίνυν
1340 3421 1387 3463 τε·

261 3502 414 3588 λευτήσας
436 3503 638 3588 στρατιώτης,
661 3501 699 3566 ού
722 3503 800 3585 ύπερ
824 3507 877 3588 τῆς
900 3501 1005 3579 οόσίας
1028 3500 1225 3588 κεκίνηταιῙῖ)
1249 3502 1390 3588 ζήτησις,

333 3787 355 3854 1)
373 3787 390 3853 ἢ
409 3785 451 3840 Vi.
469 3785 502 3842 R.
531 3793 532 3798 ’
619 3786 642 3854 ⁹)
660 3781 679 3858 ᾔ
697 3785 739 3840 vi.
757 3787 789 3841 R.
808 3786 870 3841 add.
990 3789 1013 3857 ³)
1031 3788 1125 3856 scripsi
1144 3803 1179 3841 ex
1196 3788 1235 3842 Μ.
1252 3788 1303 3843 Ll.
1322 3789 1388 3843 L².:

260 3868 414 3923 Boschreib.
433 3870 451 3922 f.
471 3871 518 3924 6⁸,
591 3871 615 3937 ⁴)
633 3871 665 3924 τά
683 3871 720 3927 Μ.
738 3871 789 3925 Ll.
807 3872 855 3926 Μ.
872 3872 935 3927 L⁶.:
955 3877 1126 3942 παραγαγεῖν
1145 3873 1236 3942 paullo
1255 3881 1320 3928 ante
1337 3874 1388 3928 11⁸.

260 3956 283 4021 ⁸)
301 3954 345 4008 ad.
363 3952 405 4007 Vi.
423 3953 470 4007 R..·
488 3954 618 4024 είρημίνα
635 3970 698 4010 mox
715 3955 764 4010 12⁶.
868 3957 1200 4026 ⁶)nvauocad.vi.13.
1292 3960 1316 4026 7)
1334 3959 1390 4014 Ma

261 4042 334 4107 -τῷ
351 4038 403 4092 L1.
422 4039 472 4094 12².
491 4039 535 4093 R:
553 4040 629 4110 κληρ.
648 4039 716 4094 εἶναι
737 4040 779 4097 Vi.
797 4041 830 4095 R.
936 4043 960 4109 ⁸)
978 4042 1002 4097 d„
1021 4042 1070 4098 11⁶.
1089 4041 1129 4098 vi.
1148 4042 1180 4098 R
1301 4044 1325 4110 ⁹)
1343 4042 1391 4098 lta

260 4122 335 4178 libri:
355 4122 396 4177 ed.
417 4123 506 4177 -λ-.
677 4127 713 4191 1⁰)
731 4125 874 4195 στατήλιος
891 4125 928 4180 Μ.
1062 4129 1097 4194 1¹)
1114 4128 1247 4195 γενέσθω
1265 4128 1316 4182 L1.
1333 4127 1388 4182 15¹.

260 4205 296 4271 1⁹)
313 4209 425 4259 κινεῖται
443 4206 486 4260 vi.
504 4206 536 4262 R.
