2990 4884
567 431 778 496 .-90-

107 612 200 678 diuus
227 611 354 682 Marem
383 613 554 698 rescripsit.
603 614 746 686 incensa
773 616 871 699 igitur
905 617 959 686 ubi
990 625 1025 686 st
1058 627 1229 706 paupertas

66 728 88 782 ⁷·
105 732 215 812 prosit.
261 735 291 796 7.
322 731 358 800 Si
379 733 450 817 quis
472 735 513 801 ad
543 734 674 802 tutelam
705 742 836 803 uocatus
864 736 1044 805 inidoneum
1073 757 1108 806 se
1134 747 1230 825 atque

105 852 257 935 imparem
278 853 364 919 oneri
386 851 667 921 administrationis
689 855 878 937 ostenderit,
900 855 952 924 uel
979 857 1145 926 aduersam
1167 861 1231 930 sibi

103 969 319 1038 ualetudinem
341 991 412 1039 asse
427 972 610 1054 probauerit
623 981 753 1056 propter
775 993 922 1058 quamne
944 975 1009 1042 suis
1031 977 1155 1060 quidem
1177 998 1231 1048 ne·

66 1104 87 1156 a.
103 1090 197 1170 gotiis
226 1092 381 1158 interesse
409 1093 527 1176 possit,
556 1110 625 1159 sese
648 1110 799 1160 excusans
825 1094 979 1164 audietur.
1007 1095 1038 1160 8.
1060 1093 1229 1180 lnperlcus
1263 1099 1281 1150 ὃ

102 1209 280 1278 litterarum
302 1211 534 1282 excusationem
556 1228 576 1277 a
598 1213 698 1281 tutela
719 1217 752 1280 ot
770 1231 847 1280 cura
867 1211 974 1290 hebet,
995 1219 1032 1280 ct
1044 1215 1138 1282 diuus
1153 1213 1229 1292 Pius

102 1328 280 1412 rescripsit3
302 1327 447 1412 quamuis
469 1335 502 1395 et
523 1331 578 1410 qni
599 1329 723 1398 litteras
741 1332 882 1400 nesmcnl
895 1331 1054 1400 interdum
1069 1333 1111 1400 acl
1126 1333 1230 1402 alieno

64 1451 85 1500 9·
102 1447 229 1530 negotia
252 1448 499 1516 administranda
521 1447 687 1515 sufficiant
732 1451 761 1514 9.
795 1448 828 1516 si
855 1451 927 1535 puis
954 1452 1114 1520 inimicum
1136 1469 1227 1520 suum

101 1574 294 1634 testamento
323 1566 388 1633 filio
416 1585 475 1633 suc
502 1574 639 1634 tutorem
668 1569 737 1649 det,
766 1570 967 1638 excusabitur
996 1571 1105 1650 datus,
1134 1573 1228 1640 sicuti

101 1685 376 1769 percontrarium
404 1705 467 1753 non
490 1694 659 1755 excusatur
679 1688 734 1769 qui
760 1707 796 1756 se
822 1688 953 1756 tutelam
984 1690 1067 1771 patri
1094 1691 1280 1775 pupillo-1⁰

59 1819 91 1871 ro.
100 1825 179 1886 mm,
207 1807 282 1874 dum
305 1808 438 1887 uiueret,
460 1807 753 1874 administraturum
776 1809 964 1889 promiserit.
994 1809 1043 1874 10.
1067 1809 1165 1877 Nemo
1188 1830 1227 1884 ex

99 1926 156 1992 hoc
179 1925 284 1992 solum
307 1927 538 1998 excusationem
561 1925 622 1993 sibi
643 1944 757 2008 parare
778 1927 895 2012 poterit
915 1928 998 2008 quod
1021 1928 1149 2011 ignotus
1170 1947 1227 2013 pu·

98 2045 247 2128 pilicrum
269 2044 354 2129 patri
375 2045 480 2116 merit
523 2046 556 2112 id
578 2046 660 2114 euim
682 2045 827 2114 diuorum
848 2045 985 2116 fratrum
1002 2047 1226 2116 constitutione

57 2173 231 2230 incautum
254 2171 311 2231 est
358 2167 408 2228 11.
442 2163 628 2232 Inimicitiae
649 2183 728 2248 quas
754 2165 881 2233 exercui
906 2185 977 2234 cum
1005 2173 1096 2247 patre
1124 2167 1225 2251 pupil-

100 2283 203 2348 lornm
227 2284 279 2349 uel
301 2284 491 2359 adultorum,
512 2284 539 2350 si
561 2283 711 2367 capitales
732 2283 859 2364 luerint,
881 2303 984 2368 neque
1013 2284 1276 2356 reconciliatione

98 2400 318 2481 interuenerit,
341 2421 389 2468 me
411 2423 431 2468 a
453 2402 555 2470 tutela
575 2401 763 2470 liberabunt.
787 2404 834 2478 ¹si
857 2410 962 2471 autem
990 2403 1141 2487 capitales
1160 2422 1225 2476 non

60 2523 237 2602 latuerint,
261 2539 445 2604 nonaeque
475 2524 678 2590 excusabunt.
725 2523 774 2587 12.
808 2521 940 2606 Siquis
970 2528 1074 2590 scotus
1104 2528 1227 2590 contro·

99 2644 238 2709 uersiam
262 2640 340 2706 mihi
367 2641 489 2720 lecerit,
519 2644 585 2708 eius
614 2643 785 2710 liberorum
815 2643 947 2713 tutelam
976 2641 1225 2724 susciperemur

57 2779 206 2844 reccgar.
250 2761 297 2825 13.
329 2760 432 2828 Maior
452 2761 539 2828 Lxx
560 2761 652 2831 conis
672 2781 694 2828 a
715 2762 816 2832 tutela
838 2763 888 2828 uel
908 2779 987 2828 cura
1008 2761 1224 2836 excusabiturt

98 2881 330 2948 minorantem
353 2881 441 2947 XXV
464 2883 554 2947 annis
581 2879 654 2948 olim
683 2890 815 2948 uccctus
833 2882 1035 2948 excusatione
1065 2882 1223 2955 utebatur,
1241 2901 1277 2953 to

96 3001 204 3066 dicens
228 3015 299 3066 sese
319 2998 470 3065 minorem
491 2997 580 3065 XXV
599 2999 693 3064 annis
714 3017 799 3077 esse,
822 2999 1004 3066 constitutio
1018 3006 1124 3066 cutem
1139 2999 1226 3081 prin·

97 3119 176 3201 cipis
201 3117 301 3183 nostri
322 3118 405 3183 hunc
427 3137 489 3184 non
512 3123 635 3185 tantum
657 3117 798 3184 excusari
820 3117 971 3199 permisit,
994 3119 1151 3183 ueletiam
1174 3133 1225 3182 ac·

97 3239 204 3324 cipere
226 3239 338 3304 uetuit
382 3244 415 3304 et
436 3236 508 3304 ideo
530 3237 557 3304 si
579 3238 650 3318 quis
673 3238 774 3302 minor
795 3233 884 3302 XXV
905 3235 996 3302 annis
1023 3237 1062 3302 nd
1091 3235 1222 3304 tutelam

98 3364 232 3428 uocatus
261 3357 380 3424 situel
407 3357 619 3438 curationem,
647 3375 708 3424 non
739 3357 860 3438 indiget
886 3355 1101 3434 excusatione,
1130 3353 1223 3424 sicuti

97 3479 208 3544 eadam
231 3477 443 3544 sacratissima
463 3476 686 3542 constitutione
708 3475 900 3550 contineturc
922 3475 1028 3557 itaque
1043 3492 1144 3557 oeque
1166 3492 1221 3555 pu·
1240 3483 1275 3537 25

98 3595 203 3678 pilius,
227 3613 329 3677 neque
352 3594 481 3661 adultus
502 3595 557 3678 qui
580 3595 682 3661 minor
703 3593 746 3660 sit
767 3595 808 3660 acl
834 3594 1003 3688 legitimam
1025 3594 1223 3662 uocabantur

97 3715 240 3782 tutelam.
285 3715 458 3781 eratenim
485 3711 610 3780 inciuile
632 3731 686 3780 eos
712 3712 767 3796 qui
794 3712 895 3780 alieno
924 3713 1040 3778 cumlio
1069 3714 1101 3779 in
1127 3712 1223 3781 rebus
