3038 4884
572 407 780 470 „62-

112 601 194 661 tunc
215 595 248 660 in
269 613 364 660 auum
385 594 435 660 ius
463 593 630 677 potestatis
656 593 854 660 transfertur.
903 595 935 660 in
962 595 1021 662 hoc
1050 593 1130 660 enim
1162 609 1237 660 casu

112 714 330 797 plenissimum
365 713 462 780 robur
497 714 695 794 adoptionem
736 711 856 780 'habere
895 713 1029 780 diximus
1068 717 1164 795 atque
1204 712 1236 778 in

63 834 92 884 9-
112 833 295 916 adoptantis
309 838 497 915 potestatem
511 834 695 919 adoptatum
719 832 872 915 redigere.
918 833 947 898 9.
964 833 1043 900 Erat
1057 831 1181 899 cuidam
1202 830 1236 896 fi-

112 952 178 1018 lius
200 952 233 1016 in
258 956 431 1034 potestate,
461 951 515 1032 qui
546 970 674 1017 uxorem
707 958 909 1034 praegnatem
942 952 1081 1019 haberet.
1137 949 1235 1016 filium

114 1071 327 1152 emanciparit
348 1075 403 1135 aut
425 1090 485 1137 auo
508 1070 719 1153 adoptandum
746 1072 848 1152 dedit;
878 1072 991 1139 deinde
1019 1088 1115 1153 nepos
1142 1076 1235 1136 natus
1270 1071 1286 1121 ⁵

114 1197 180 1258 est:
202 1189 369 1271 quaeritur
389 1189 479 1256 cuius
502 1188 563 1256 erit
583 1209 662 1272 puer
684 1190 715 1254 in
738 1195 903 1273 potestate,
926 1195 1032 1256 utrum
1054 1188 1106 1254 aui
1128 1206 1168 1254 an
1183 1207 1237 1271 pa·

114 1311 185 1375 tris.
230 1316 262 1375 et
283 1311 383 1391 magis
405 1315 454 1376 est
476 1314 513 1374 ut
534 1309 565 1374 in
587 1314 742 1392 potestate
764 1309 817 1374 aui
839 1309 894 1387 sit3
921 1309 953 1375 in
980 1307 1128 1391 legitimis
1151 1306 1235 1374 enim

113 1429 234 1510 nuptiis
272 1427 482 1510 conceptionis
519 1433 643 1510 tempus
675 1433 873 1511 spectamus:
914 1445 984 1494 cum
1018 1432 1123 1492 autem
1158 1442 1237 1492 uxor

112 1565 270 1630 praegnas
293 1545 375 1613 facta
398 1552 462 1628 est,
488 1547 519 1612 in
542 1552 698 1630 potestate
727 1552 796 1612 erat
824 1545 920 1625 filius,
949 1546 1002 1627 qui
1025 1563 1095 1610 eum
1117 1545 1234 1626 genuit,

114 1673 147 1733 et
169 1666 241 1734 ideo
264 1667 376 1733 merito
398 1665 431 1732 in
461 1669 513 1732 aui
535 1666 688 1733 naturalis
709 1672 867 1750 potestate
889 1667 957 1734 erit.
1007 1668 1034 1732 si
1061 1686 1136 1733 uero
1164 1671 1235 1752 post
1255 1674 1286 1725 10

114 1786 396 1869 emancipationem
417 1793 474 1851 aut
503 1787 702 1873 adoptionem
729 1805 824 1868 nepos
853 1789 1021 1867 conceptus
1052 1787 1109 1866 sit,
1135 1786 1236 1866 patris

59 1907 166 1971 rosui
200 1910 258 1972 aut
290 1906 342 1970 aui
372 1905 511 1986 adoptiui
544 1905 694 1987 potestati
727 1905 906 1970 subicietur.
957 1904 1006 1968 10.
1041 1903 1235 1972 admonendi

113 2030 222 2092 autem
245 2043 352 2090 sumus
374 2023 481 2103 filium,
506 2024 560 2108 qui
589 2023 622 2092 in
644 2043 714 2090 mea
743 2029 791 2090 est
816 2029 987 2106 potestate,
1016 2024 1083 2090 siue
1108 2031 1237 2090 natura·

112 2143 176 2212 lem
205 2144 275 2210 siue
302 2144 486 2227 adoptiuum
514 2142 600 2210 nullo
628 2144 719 2210 modo
748 2161 798 2210 me
827 2161 938 2226 cogere
970 2160 1063 2226 posse
1096 2149 1132 2208 ut
1164 2160 1235 2209 eum

114 2263 319 2345 emancipem.
358 2316 360 2320 .
1253 2274 1283 2324 15

459 2874 506 2938 De
527 2873 645 2940 tutelis.
690 2872 812 2938 Titulus
838 2871 886 2936 13.

202 3061 345 3127 Diximus
366 3061 528 3128 hominum
550 3060 702 3144 quosdam
724 3078 832 3127 seruos
862 3077 950 3139 essa,
981 3060 1131 3143 quosdam
1162 3058 1234 3125 libe·

112 3199 167 3248 ros
190 3185 225 3247 et
245 3180 415 3246 liberorum
437 3179 589 3263 quosdam
610 3180 761 3261 ingenuos
783 3179 937 3262 quosdam
959 3179 1136 3257 libertinos;
1160 3179 1235 3243 dixi·

113 3317 185 3366 mus
209 3305 243 3365 et
263 3300 393 3365 alteram
415 3298 613 3378 diuisionem,
635 3300 786 3382 quosdam
808 3317 879 3365 esse
900 3298 950 3363 sui
971 3297 1060 3377 iuris,
1083 3295 1235 3380 quosdam

113 3419 212 3486 alieni
232 3420 321 3486 iuris.
349 3437 418 3486 cum
440 3419 537 3501 igitur
558 3418 597 3485 de
619 3423 775 3500 potestate
797 3417 975 3497 dixerimus,
999 3435 1093 3500 quam
1115 3416 1147 3481 in
1172 3433 1234 3484 ser·

113 3560 173 3607 uos
195 3539 348 3606 habemus
371 3540 423 3604 uel
445 3555 539 3618 quam
561 3539 593 3602 in
615 3536 696 3604 filios
711 3543 767 3603 aut
781 3536 883 3603 iustae
898 3535 1025 3619 nuptiae
1041 3533 1132 3602 nobis
1146 3554 1234 3617 prae·
1252 3543 1286 3595 ao

114 3664 203 3726 stant
231 3663 288 3724 aut
314 3656 512 3740 adoptiones,
543 3664 575 3722 et
604 3675 674 3723 cum
704 3657 966 3740 quemadmodum
992 3655 1156 3722 soluautur
1185 3673 1238 3721 ex·

113 3777 332 3862 posuerimus,
360 3785 558 3844 transeamus
584 3778 624 3844 ad
654 3777 747 3844 aliam
776 3775 972 3844 diuisionem.
1023 3795 1095 3842 num
1118 3794 1156 3842 ex
1185 3773 1234 3840 his
