3038 4884
714 396 927 461 ‚25-

263 581 381 666 τρόπον
401 583 458 670 τῆς
482 581 678 666 ἐλευθερίας,
694 581 839 669 καθάπερ
854 581 1048 667 ἐφυλάττετο
1070 582 1149 663 καίῑ)
1173 582 1338 667 πρόπαλαι.
1360 582 1391 646 τί

261 683 298 746 δὲ
321 681 411 748 τοῦτό
434 685 517 749 ἐστιν
540 684 705 766 ἀναγκαῖον
728 685 832 748 εἰπεῖν.
872 678 943 772 Ἔχε
966 681 1034 766 δὲ’)
1060 685 1162 748 ταῦτα
1188 685 1233 759 ὡς
1255 683 1289 746 ἐν
1312 707 1389 769 προ-

262 785 395 874 δειυρίᾳ.
434 785 500 851 ἔστι
523 787 608 871 παρὰ
626 787 781 873 ῥωμαίοις
802 785 933 870 ἔννομος
954 785 1053 874 ἡλικία
1075 787 1123 850 καί
1145 787 1256 874 φυσικὴ
1278 784 1387 872 ἡλικία,

263 885 394 973 ἔννομος
415 888 581 954 δεσποτεία
604 892 653 954 καί
676 891 790 976 φυσικὴ
813 888 989 968 δεσποτεία,
1010 886 1143 972 ἔννομος
1166 888 1282 972 τρόπος
1304 887 1389 952 ἐλευ·

227 991 376 1078 ὅδερίας
399 985 455 1056 καίΙ
469 995 599 1078 φυσικὸς
620 993 739 1078 τρόπος
762 991 955 1076 ἐλευθερίας.
1001 992 1049 1054 καὶ
1078 991 1190 1076 φυσικτ)
1216 990 1275 1076 μέν
1305 989 1388 1088 ἐστιν

262 1094 360 1178 ἡλικία
381 1095 402 1180 ἡ
424 1095 549 1182 ἥττον’)
567 1101 628 1160 τῶν
644 1083 679 1159 λ
696 1094 854 1172 ἐνιαυτῶν,
876 1093 1006 1178 ἔννομος
1028 1092 1105 1178 δέῆ
1136 1092 1215 1175 ὑπερ
1245 1097 1305 1156 τῶν
1328 1092 1388 1175 λέ),

261 1195 317 1284 οόγ
339 1188 386 1261 ότι
415 1199 470 1284 τὴν
490 1198 621 1283 μείζονα
643 1203 707 1261 τῶν
726 1182 924 1261 λένιαυτῶν
951 1195 1067 1282 ἡλικίαν
1094 1196 1116 1280 ἡ
1152 1192 1246 1278 φύσις
1272 1194 1388 1276 ἀγνοεῖ,

261 1303 345 1364 πᾶσα
367 1300 428 1386 γὰρ
450 1301 549 1388 ἡλικία
571 1301 696 1386 φυσικὴ·
718 1299 788 1362 ἀλλ’
811 1297 918 1384 ἐπειδὴ
940 1299 958 1361 ό
982 1298 1077 1382 νόμος
1104 1296 1210 1373 λδικιδς
1232 1295 1388 1385 ἐμνὴσδη·

259 1404 315 1490 τῆς
338 1402 416 1485 ὑπὲρ
445 1405 484 1466 τὰ
500 1389 534 1466 ἶ
550 1401 621 1490 ἔτη,
652 1401 703 1464 διὰ
726 1404 817 1467 τοῦτο
848 1399 933 1465 εἶπον
962 1400 1056 1486 αὐτὴν
1079 1397 1217 1484 ἔννομον.
1263 1399 1388 1483 ἔστινί),

210 1507 245 1560 10
262 1503 339 1578 ica)
371 1503 467 1580 εἷπον,
491 1505 605 1588 φυσικὴ
628 1503 797 1566 δεσποτεία
825 1505 873 1567 καὶ
902 1500 1032 1586 ἔννομος
1061 1501 1241 1567 δεσποτεία.
1289 1503 1339 1565 καί
1367 1503 1387 1590 η

260 1606 318 1690 μὲν
342 1608 455 1692 φυσικὴ
477 1607 598 1690 λέγεται
620 1604 768 1672 inbonis
790 1607 838 1668 καὶ
861 1606 879 1668 ό
909 1605 1063 1692 δεσπότης
1088 1605 1284 1689 βονιτιίριος,
1308 1605 1328 1690 ἡ
1351 1603 1388 1666 δὲ

262 1707 392 1794 ἔννομος
415 1708 536 1790 λέγεται
557 1708 631 1791 ex⁶)
653 1706 724 1772 iure
746 1706 919 1790 quiritium,
941 1707 1099 1771 τουτέστιν
1115 1706 1149 1770 ἐκ
1162 1711 1218 1773 τοῦ
1235 1705 1387 1788 δικαίου7)

187 1825 189 1831 “
262 1813 325 1873 τῶν
348 1812 479 1874 πολιτῶν
499 1809 652 1896 ρωμαίιυν
676 1809 856 1894 (quirites8)
879 1811 940 1894 γὰρ
970 1811 998 1872 οί
1023 1812 1162 1894 ῥωμαὶοι
1191 1809 1252 1873 ἀπὸ
1279 1806 1388 1894 ρωμό-

261 1914 326 1991 λου,
350 1912 388 1985 ἐξ
408 1911 444 1975 οὗ
468 1914 522 1998 τὴν
549 1911 767 2001 α’ργαιογονίαν
797 1913 991 2000 ἐσχήκασιν),
1020 1913 1038 1975 ό
1066 1911 1102 1974 δὲ
1129 1910 1286 1999 δεσπότης
1313 1909 1387 1992 θιθ)

213 2014 244 2066 15
261 2014 331 2080 iure
353 2014 531 2097 quiritatio.
560 2016 588 2079 εί
602 2016 640 2080 δέ
662 2016 752 2093 rtem)
775 2014 961 2097 ἀμφοτέρας
983 2012 1057 2102 ἔσχε
1081 2013 1179 2096 zezen)
1202 2010 1388 2086 δεσποτείας

263 2118 387 2201 ἐλέγετο
410 2116 506 2202 pleno
528 2119 597 2183 iure
619 2115 820 2196 dominusb)‚
843 2116 983 2181 τουτέστι
1006 2116 1116 2200 τελείῳ
1144 2114 1252 2200 δικαίῳ
1275 2114 1389 2180 δεσπό-

262 2243 334 2307 της,
357 2222 403 2296 ὡς
424 2219 504 2309 ἔχων
527 2221 712 2306 ἀμφοτέρας
741 2221 794 2305 τὴν
824 2218 953 2304 ἔννομον
979 2220 1027 2282 καί
1055 2219 1109 2305 τὴν
1135 2219 1279 2305 φυσικήν.
1322 2215 1389 2282 ἔστι

261 2325 309 2387 καί
331 2321 460 2406 ἔννομος
481 2322 599 2406 τρόπος
621 2321 807 2406 ἔλευδερίας
828 2322 877 2385 καὶ
898 2325 1026 2407 φυσικός
1047 2322 1166 2408 τρόπος
1187 2319 1388 2404 ἐλευδερίας·

263 2427 312 2490 καί
334 2427 351 2488 ό
374 2424 503 2511 ἔννομος
524 2426 641 2510 τρόπος
664 2425 781 2508 ἐγίνετο
812 2424 890 2489 κατὰ
920 2428 1004 2510 τρεῖς
1031 2421 1214 2508 τρόπουςυ)
1244 2421 1390 2488 uindicta

209 2541 245 2593 νο
262 2548 359 2594 censu
380 2532 582 2595 testamento.
627 2529 676 2591 καὶ
697 2527 841 2592 uindicta
868 2527 907 2616 ἦν
932 2529 953 2612 τ)
981 2527 1030 2591 ἐπὶ
1058 2529 1116 2592 τοῦ
1137 2526 1289 2613 ἄρχοντος
1310 2547 1389 2607 γινο-

259 2631 338 2718 μένη
362 2630 536 2714 ἐλευθερία.
581 2629 704 2712 ἐλέγετο
728 2629 764 2692 δὲ
785 2627 930 2694 uindicta
950 2629 1026 2712 quia
1052 2627 1278 2694 uindicabatur
1299 2645 1388 2692 man·

261 2732 380 2815 cipium
407 2732 441 2796 in
462 2731 644 2798 naturalem
666 2729 859 2810 libertatem,
883 2730 990 2817 ἐπειδὴ
1012 2730 1226 2812 ἐξεδικεῒτο”)
1249 2731 1297 2793 καί
1318 2729 1389 2794 ἀνέ-

262 2855 355 2921 τρεγε
377 2836 411 2896 τό
434 2832 634 2916 ἀνδράποδον
657 2832 702 2909 εἷς
724 2833 778 2918 τὴν
799 2835 931 2921 φυσικὴν
954 2831 1147 2912 ἔλευδερίαν.
1182 2831 1203 2920 η
1225 2831 1288 2896 ἀπὸ
1311 2829 1389 2896 Vin-

265 2934 352 3000 dioiu
360 2935 397 3018 ¹⁴)
415 2937 505 3014 τινὸς,
522 2935 559 3011 δς
580 2933 625 2999 ιδν
648 2933 768 3022 οἰκέτης
790 2933 956 3022 ἐπιβουλὴν
978 2933 1131 3020 ἐσομένην
1152 2935 1231 2999 κατὰ
1252 2939 1309 3021 τῆς
1320 2934 1387 3019 ῥώ-

210 3049 244 3100 25
259 3061 322 3125 μης
344 3037 479 3125 ἐμήνυσε
501 3039 549 3101 καί
571 3035 782 3125 ἠλευθερώθη
805 3037 940 3123 δημοσίᾳ
964 3037 1023 3101 ὑπὸ
1050 3037 1214 3124 ῥιυμαίιον.
1264 3037 1314 3100 καί
1341 3034 1388 3113 είς

263 3140 350 3226 τιμὴν
373 3139 484 3203 τούτου
508 3141 622 3218 πάντες
644 3144 672 3206 σί
694 3143 742 3205 ἐπί
770 3141 921 3229 ἄρχοντος
951 3139 1213 3226 ἔλευδεροόμενοι
1243 3139 1388 3221 ἐλέγοντο

261 3241 407 3328 υἰυάίοίᾳ
437 3240 694 3326 ἐλευδεροῠσδαι.
744 3245 780 3306 τὸ
808 3243 845 3306 δὲ
873 3264 970 3309 censu
997 3244 1167 3327 προέβαινε
1198 3245 1305 3308 τοῦτον
1333 3245 1387 3305 τὸν

261 3345 388 3430 τρόπον.
441 3346 598 3433 κῆνσοςῑὸ)
621 3345 659 3433 ἦν
684 3349 769 3420 σανὶς
790 3345 858 3433 ἢτοι
884 3348 1019 3435 γοίρτης,
1049 3345 1128 3410 ἔνδα
1153 3348 1292 3432 ῥωμαίοι
1313 3345 1388 3408 ἀπε-

262 3443 423 3532 γράφοντο
447 3447 502 3524 τὰς
525 3447 642 3522 οἰκείας
664 3447 843 3532 περιουσίας
865 3447 913 3511 ἐπὶ
936 3449 970 3510 τὸ
992 3448 1025 3511 ἐν
1041 3450 1142 3534 καιρῷ
1157 3446 1293 3531 πολέμου
1307 3447 1388 3510 κατὰ

331 3671 353 3733 ¹)
372 3668 414 3722 de.
433 3668 466 3722 R.
483 3669 554 3720 κατὰ
572 3669 605 3720 τδ
624 3669 741 3721 παλαιόν
759 3668 789 3721 P.
906 3668 929 3734 ⁹)
947 3668 973 3722 d.
990 3667 1021 3722 R.
1137 3669 1160 3736 ³)
1182 3685 1284 3722 -ττιυν
1303 3668 1337 3736 ej.
1353 3665 1386 3721 R.

261 3756 285 3823 4)
303 3755 334 3808 τὸ
353 3753 517 3821 τριακοστὸν
536 3753 566 3807 Ρ,
656 3755 678 3819 ⁵)
698 3751 744 3804 σόν
764 3753 793 3806 P.
812 3753 842 3807 F.
860 3753 893 3807 R.
912 3754 973 3808 add.
1047 3756 1070 3821 ⁶)
1089 3754 1114 3808 d.
1132 3752 1163 3807 G.
1182 3753 1215 3808 R.
1301 3752 1324 3818 7)
1342 3752 1386 3804 νό-

261 3856 315 3904 μου
333 3840 364 3892 F.
450 3838 473 3903 ⁸)
492 3841 625 3906 κουίρῐται
643 3838 674 3892 F.
692 3838 817 3907 λέγονται
836 3839 896 3893 add.
914 3839 944 3892 P.
1048 3840 1071 3906 9)
1090 3839 1130 3893 de.
1148 3838 1181 3894 R.
1283 3839 1320 3904 1⁰)
1337 3836 1386 3896 τὰς

263 3925 323 3980 add.
341 3923 373 3977 R.
476 3925 513 3986 11)
530 3924 578 3983 τὰς
597 3923 639 3977 de.
651 3923 684 3977 R.
789 3923 825 3991 1λ)
842 3924 925 3992 τρόπ.
945 3942 967 3980 κ.
986 3928 1064 3995 τρεῖς
1081 3925 1114 3980 F.
1133 3943 1157 3978 1.
1176 3941 1238 3994 τρο.
1258 3925 1335 3992 τρεῖς
1351 3923 1385 3978 R.

261 4012 298 4077 13)
324 4009 410 4071 ἐξεκδ.
438 4008 471 4062 G.
497 4007 528 4060 F.
555 4009 630 4062 mire.
699 4010 735 4077 14)
754 4009 871 4063 L1.1.².
890 4007 1023 4063 Βινδικίου
1042 4016 1105 4065 ceti.
1185 4011 1222 4073 ιὕ)
1240 4011 1334 4069 κένσσς
1352 4009 1385 4064 R

364 4096 392 4160 a)
411 4091 444 4146 ci.
462 4092 521 4146 Gai.
542 4097 624 4158 1‚54.
751 4095 778 4160 b)
796 4093 855 4149 Gai.
873 4098 900 4161 2,
919 4098 951 4149 41
972 4095 1088 4163 »pleno
1107 4096 1180 4150 iure
1203 4094 1298 4163 incipit
1315 4095 1387 4150 idest

264 4186 292 4234 ei
309 4181 337 4234 in
354 4178 432 4234 bonis
451 4183 479 4231 et
498 4193 532 4232 ex
550 4177 608 4233 iure
627 4177 771 4245 Quiritium
788 4183 835 4233 tua
852 4194 897 4232 res
915 4193 998 4233 esse«.
