3096 4890
724 373 1068 474 ..7..

260 558 353 632 πολύς
389 557 597 640 εἰσεκομίζετο
631 559 725 632 σῖτος.
783 566 871 621 τοῦτο
904 563 976 637 γοῦν
985 558 1010 640 ¹)
1043 559 1079 620 τό
1118 556 1245 641 νόμιμον
1276 557 1383 641 μόνοις

259 659 453 746 άθηναίοιςῖ)
476 661 653 748 χρήσιμον,
688 659 912 742 άλεξανὸρεῦαι
945 659 981 722 δὲ
1014 658 1033 746 ἢ
1067 658 1203 744 ἑτέροις,
1230 657 1311 741 παρ’
1338 658 1384 734 οἷς

259 763 343 825 ἐστὶν
366 762 504 848 άφθυνία
527 761 614 826 σίτου
637 762 672 826 ού
693 762 790 845 μόνον
812 764 964 846 περιττὸς,
989 761 1065 825 άλλὰ
1088 762 1136 824 καὶ
1150 765 1385 843 καταγελαστὸς

259 866 276 926 ό
300 864 435 928 τοιοῦτόν
458 889 485 928 τι
508 863 698 947 νομοθετῶν.
742 864 898 948 Δεύτερον
921 865 1120 948 παράδειγμα
1149 871 1206 929 τοῦ
1234 866 1387 931 πολιτικοῦ

225 983 241 1031 5
262 966 416 1051 vopc'poffi)
432 967 452 1053 ἡ
465 971 527 1029 τῶν
536 965 779 1048 λακεὸαιμονίων
791 968 887 1045 πόλις,
903 969 967 1054 ἧτις
983 968 1130 1054 ἐκέχρητο
1144 969 1322 1056 ξενηλασίᾳ,
1335 971 1385 1032 λυ-

259 1069 392 1155 κούργου
414 1073 504 1135 τούτο
528 1068 810 1156 νομοθετήσαντος,
832 1069 880 1132 ίνα
901 1070 945 1156 μὴ
969 1069 1019 1132 διὰ
1042 1075 1096 1157 τῆς
1120 1077 1180 1134 τῶν
1203 1071 1303 1142 ξένων
1326 1071 1385 1136 ἐπι-

213 1237 215 1242 ,
256 1173 359 1256 ριξίας
386 1159 600 1257 θιαφθείροιτο
623 1173 673 1237 καὶ
695 1173 951 1260 γείρυνγένοιτο
986 1176 1022 1240 τὸ
1050 1177 1115 1237 τῶν
1143 1173 1385 1257 λακεθαιμυνίων

258 1277 347 1362 ἦθος.
387 1274 421 1337 ‘0
444 1280 580 1352 τοιοῦτος
603 1276 696 1359 νόμος
727 1276 870 1359 τιμάσθω
897 1277 985 1360 μέν4)
1017 1277 1103 1360 παρὰ
1130 1277 1385 1361 λακεθαιμονίυις,

260 1376 403 1463 άθηναῖοι
426 1379 494 1459 θέλ)
523 1376 635 1440 τούτου
667 1381 912 1463 καταφρονοῦσι,
943 1383 1087 1444 τοσοῦτον
1117 1384 1172 1466 τῆς
1202 1379 1386 1463 ξενηλασίας

212 1490 243 1540 10
261 1481 453 1565 ἀφεστῶτες,
475 1481 522 1542 ότι
537 1480 585 1542 καὶ
599 1480 710 1563 βωμὸς
729 1478 835 1552 ἐλέους
857 1485 977 1562 τιμᾶται
994 1481 1072 1562 παρ’
1088 1479 1202 1558 αὐτοῖς,
1218 1482 1269 1544 καὶ
1283 1479 1387 1558 οὕτως

260 1584 390 1667 ἐτοίμως
414 1583 484 1656 τοὺς
507 1583 551 1658 εἷς
566 1581 712 1664 αύτούςθ)
729 1587 902 1666 φοιτῶντας
919 1582 1188 1670 άποθεγόμενοιῖ),
1213 1583 1291 1665 ότιῧ)
1316 1584 1385 1646 πολ-

259 1687 344 1761 λάκις
375 1685 425 1748 διὰ
447 1683 683 1769 φιλανθρωπίας
712 1684 891 1769 ὑπερβολὴν
921 1685 968 1745 καὶ
1002 1685 1145 1768 πολεμεῖν
1174 1683 1253 1768 ὑπὲρ
1284 1684 1386 1750 αὐτῶν

259 1789 314 1855 ούκ
346 1789 499 1876 ὤκνησαν.
558 1780 651 1860 Ἅπας
685 1785 740 1850 οὖν
773 1789 873 1874 δῆμος
906 1785 925 1873 ἢ
959 1786 1130 1870 ἐγγράφοις
1164 1786 1308 1873 κέχρηται
1339 1787 1385 1851 νό-

258 1916 328 1978 μοις
350 1892 368 1979 ἢ
392 1892 556 1976 ἀγράφοις.
602 1892 649 1953 καί
672 1896 712 1975 πῇ
730 1889 788 1974 μὲν
811 1889 897 1962 λθίοις
921 1888 1060 1952 τουτέστι
1083 1891 1252 1965 πολιτικοῖς,
1290 1901 1330 1974 πῇ
1351 1888 1387 1952 δὲ

213 1997 243 2048 15
262 1999 372 2066 κοινοῖς
396 1993 533 2055 τουτέστι
555 1990 811 2073 iurisgentiois9).
856 1993 915 2053 όσα
938 1990 998 2073 γὰρ
1028 1990 1140 2072 νόμιμα
1162 1993 1278 2075 ἑκάστη
1302 1991 1386 2065 πόλις

260 2097 356 2182 ἑαυτῇ
369 2097 580 2183 συνεστήσατο
598 2096 646 2157 καὶ
654 2093 764 2181 μέχρις
779 2091 877 2179 αὐτῆς
891 2093 1053 2173 foramem)
1072 2096 1166 2156 ταῦτα
1182 2092 1218 2156 δὲ
1234 2093 1281 2155 καὶ
1294 2092 1386 2158 iuris·

260 2197 397 2279 ciuile¹¹)
429 2197 712 2281 προσαγορεύεται·
757 2199 819 2259 όσα
849 2195 885 2258 θέ
913 2197 930 2257 ὁ
958 2196 1088 2276 φυσικός
1116 2193 1228 2282 ἧτοιῑέ)
1266 2194 1386 2268 ἐθνικὸς

262 2301 356 2385 νόμος
374 2299 493 2382 μεταξὺ
516 2299 638 2362 πάντων
662 2298 885 2380 άνθρῶπωνῑί)
914 2297 1044 2381 ἐφεῦρε,
1070 2301 1165 2361 ταῦτα
1189 2297 1274 2382 παρὰ
1297 2301 1386 2360 πᾶσιν

261 2401 363 2468 ἔθνεσι
386 2402 573 2486 φυλάττεται
596 2401 644 2463 καί
665 2399 854 2483 iurisg6ntia
863 2400 901 2481 ¹⁴)
926 2403 1204 2484 προσαγορεύεται.

209 2505 243 2556 2⁰
346 2505 404 2568 Καὶ
427 2505 443 2565 ὁ
467 2503 569 2589 δῆμος
591 2501 645 2567 οὖν
668 2505 685 2565 ό
705 2505 866 2588 ῥωμαῑκλις
888 2503 962 2566 ποτὲ
982 2502 1040 2585 μὲν
1069 2503 1230 2578 πολιτικοῖς
1253 2503 1328 2566 ποτὲ
1351 2503 1387 2568 θὲ

261 2606 392 2682 ἐθνικαῖς
420 2607 566 2694 κέχρηται
595 2603 713 2690 νόμοις,
740 2607 828 2668 ἅτινα
856 2605 1049 2671 καθέκαστον
1080 2607 1127 2667 καὶ
1136 2607 1173 2687 15)
1210 2607 1301 2670 ὁποῖα
1333 2607 1386 2692 τὴν

260 2709 350 2790 φύσιν
371 2707 454 2770 ἐστίν
477 2706 509 2769 ἐν
533 2711 596 2782 τοῖς
619 2706 742 2782 οἰκείοις
764 2705 967 2793 ἐκθησόμεθα
988 2707 1103 2782 τόποις.
1122 2707 1159 2786 2.
1175 2706 1252 2769 άλλό
1275 2711 1308 2769 τὸ
1328 2709 1386 2789 μὲν
1407 2721 1430 2769 ,2

261 2811 409 2873 πολιτικὸν
433 2808 559 2891 νόμιμον
582 2808 616 2870 ἐκ
635 2812 709 2890 μιᾶς
724 2809 855 2892 ἑκάστης
870 2809 992 2884 πτόλεως
1008 2809 1114 2892 προϊὸν
1137 2807 1170 2871 ἐν
1193 2806 1213 2894 ᾗ
1236 2809 1386 2893 κρατεῖῑῧ)

261 2911 383 2998 (λέγεται
423 2911 476 2995 τὴν
519 2909 742 2992 ὀνυμασὶανῑί).
804 2910 832 2972 εί
870 2913 931 2996 γάρ
966 2933 1009 2985 τις
1047 2909 1131 2973 θέλει
1163 2909 1264 2992 τοῦθ)
1300 2912 1386 2973 σόλο-

209 3029 242 3080 25
263 3036 316 3089 νος
354 3012 373 3100 ἢ
412 3013 583 3096 δράκοντος
622 3013 735 3096 νόμους
774 3011 947 3076 ἱοτίεοίοἰλο
980 3013 1223 3078 atheniensium.
1241 3013 1279 3094 ¹⁹)
1322 3037 1388 3076 τοο-

329 3202 351 3264 1)
369 3197 403 3250 de
420 3197 450 3252 Ρ.
553 3197 576 3266 1)
596 3217 653 3262 νομ.
673 3199 719 3252 ἀθ.
736 3216 818 3269 mv·
838 3198 1088 3262 ἀλ.Ιι1.νομ.ἀθ.
1104 3216 1153 3270 χρ.
1172 3198 1214 3250 ἀλ.
1235 3199 1264 3252 Ρ.
1277 3200 1321 3251 όθ.
1338 3217 1386 3270 γρ.

261 3281 354 3344 μόνοις
375 3282 408 3351 ἦν
432 3282 463 3338 F.
487 3281 520 3337 R.
545 3283 586 3336 ita
603 3284 652 3336 Ll.
790 3283 813 3346 ³)
832 3284 915 3346 νόμου
941 3284 971 3338 Ρ.
997 3286 1012 3336 ό
1039 3287 1096 3335 τῶν
1125 3284 1155 3338 F.
1295 3287 1319 3350 ⁴)
1336 3285 1386 3347 μὲν

261 3367 295 3421 de
313 3367 343 3421 P.
362 3368 471 3430 τιμᾶται
489 3367 520 3422 F.
537 3367 571 3422 R.
678 3370 701 3434 1)
718 3369 773 3437 γὰρ
791 3368 821 3422 Ρ.
933 3371 957 3437 6)
974 3370 1060 3440 αὐτὴν
1079 3371 1109 3425 P.
1219 3373 1241 3440 ²)
1262 3370 1337 3422 ὑπαθ.
1356 3369 1387 3423 F.

261 3452 293 3506 R.
396 3453 421 3518 8)
437 3453 471 3506 de
489 3453 519 3506 P.
632 3455 655 3521 9)
673 3453 724 3507 Ist.
742 3455 912 3523 inrigentiois
929 3456 979 3510 Ll.
1000 3453 1088 3522 ίουμις
1104 3459 1221 3524 γεντίυις
1242 3456 1271 3512 Ρ.
1285 3455 1388 3510 iuribus

262 3539 407 3606 gentilibus
425 3538 455 3593 F.
474 3540 533 3592 iuro
551 3540 672 3606 gentium
689 3539 722 3594 R.
746 3543 876 3594 τουτέστι
899 3543 1020 3606 νομίμοις
1044 3544 1160 3603 ἐθνικαῖς
1184 3543 1247 3613 ἤτοι
1266 3543 1388 3609 φυσικαῖς

262 3625 292 3677 Ρ.
311 3631 340 3678 et
357 3623 414 3678 cod.
433 3629 486 3677 vet.
506 3623 637 3677 Salmasii.
740 3626 775 3692 1⁰)
793 3623 917 3680 ἵστανται
933 3628 963 3681 P.
982 3627 1042 3682 edd.
1060 3633 1135 3682 recte
1147 3628 1179 3682 F.
1286 3630 1321 3694 11)
1337 3629 1387 3681 Ιι1.

262 3709 304 3761 11²
325 3709 411 3778 ίυυρις
432 3709 535 3773 κιβιλες
557 3709 586 3762 Ρ.
609 3709 671 3764 iura
688 3710 779 3764 civilia
797 3711 828 3766 F.
848 3712 889 3766 ius
906 3713 984 3767 civile
1002 3713 1034 3768 R.
1052 3715 1196 3767 τουτέστιν
1222 3713 1341 3766 πολιτικὰ
1357 3714 1388 3767 Ρ.

262 3793 321 3848 add.
432 3794 467 3862 11)
484 3795 499 3846 ὀ
517 3793 578 3848 add.
596 3796 626 3848 P.
736 3796 772 3863 l³)
790 3796 815 3851 d.
833 3796 882 3852 Ll.
901 3799 957 3848 τῶν
976 3797 1058 3866 drop.
1077 3797 1107 3851 P.
1217 3801 1252 3867 11)
1271 3799 1330 3854 iura
1352 3800 1388 3852 ci·

263 3878 327 3932 vilia
349 3879 381 3933 F.
404 3881 446 3934 ius
470 3879 590 3947 gentium
608 3880 640 3936 R.
756 3884 791 3949 1⁵)
814 3882 839 3936 d.
865 3883 895 3938 P.
1009 3885 1045 3946 1⁶)
1068 3883 1110 3935 καὶ
1128 3884 1262 3954 ἐξαυτῆς
1279 3881 1340 3938 add.
1358 3885 1387 3938 P.

263 3965 298 4031 1⁷)
316 3962 372 4016 οἷον
391 3965 423 4017 τὸ
448 3970 504 4017 τῶν
524 3965 662 4034 ἀθηναίων
681 3967 710 4020 Ρ.
728 3966 761 4034 R,
780 3967 826 4036 qui
845 3967 905 4023 add.
924 3969 969 4020 καλ
987 3968 1202 4030 λακεθαιμονίων.
1246 3969 1290 4022 Ex
1308 3969 1389 4037 gloss,

263 4055 365 4113 ortum,
389 4055 420 4103 ut
442 4049 488 4103 uel
511 4065 545 4104 ex
563 4050 612 4106 11².
632 4051 756 4119 cognosci
775 4058 873 4120 potest.
987 4053 1022 4120 1⁸]
1040 4053 1103 4114 τοὺς
1121 4054 1149 4106 Ρ.
1254 4054 1289 4120 19)
1311 4053 1388 4108 iuris·

264 4136 342 4191 cibile
359 4137 527 4192 atinacisium
544 4137 594 4191 L1.
612 4137 663 4190 11².
682 4137 723 4191 ius
741 4137 819 4191 civile
838 4139 871 4191 A.
890 4139 921 4195 F.
940 4138 973 4192 R.
