2990 4884
588 425 799 492 -gg..

128 629 283 678 excusare
306 627 490 695 possumus,
511 612 580 680 siue
606 612 638 677 iu
667 617 825 694 potestate
851 612 931 692 sint,
962 613 1031 680 siue
1059 611 1256 697 emancipati.

128 731 158 796 si
182 730 264 796 euim
287 736 352 796 tres
374 732 490 797 liberos
519 731 591 814 quis
620 732 806 813 superstites
837 731 955 797 Romae
982 731 1113 810 habeut,
1144 731 1195 798 uel
1225 729 1258 797 in

129 848 227 914 Italic
248 856 412 932 quattuor,
435 849 487 916 uel
508 850 542 916 iu
564 849 735 934 prouinciis
764 850 918 934 quinque,
947 869 1022 918 saue
1051 869 1070 917 a
1098 851 1199 918 tutela
1226 856 1260 918 at

129 987 209 1038 cura
237 967 380 1036 excusari
408 969 527 1052 poterit
552 972 693 1054 exemplo
723 976 899 1037 ceterorum
922 987 1101 1050 munerum,
1131 988 1203 1040 nsm
1225 975 1258 1050 at

129 1089 263 1154 tutatum
296 1095 329 1154 et
360 1105 467 1156 curam
499 1088 618 1170 placuit
650 1089 733 1154 iuter
765 1087 890 1170 publica
922 1106 1052 1157 munera
1089 1089 1256 1158 recenseri
1290 1095 1308 1146 ⁶

129 1205 273 1291 adoptiui
296 1206 386 1274 libari
409 1207 452 1273 ad
472 1207 683 1274 causandum
707 1226 769 1273 nou
784 1213 927 1290 prosunt,
950 1214 999 1273 set
1013 1207 1175 1273 naturales
1190 1214 1258 1275 tau·

128 1331 210 1406 tum,
232 1332 268 1391 ut
290 1325 409 1393 dictam
431 1332 496 1404 est,
523 1326 598 1392 licet
624 1326 656 1390 iu
686 1324 887 1407 adoptionem
916 1327 982 1394 dati
1010 1323 1083 1391 siut.
1126 1332 1257 1409 nepotas

129 1463 170 1510 ex
196 1443 262 1511 filio
290 1444 478 1527 proderunt,
509 1444 611 1511 media
640 1443 786 1511 defunctu
813 1462 964 1527 persona,
992 1461 1065 1510 uam
1091 1441 1125 1509 in
1152 1441 1256 1512 locum

128 1563 233 1646 putris
255 1565 438 1640 succedent;
469 1583 507 1631 ax
536 1561 609 1660 iilia⁸
631 1571 737 1631 autam
766 1563 999 1630 excusationem
1025 1581 1088 1629 nou
1117 1567 1258 1644 praesta·

127 1683 221 1750 bunt
265 1681 357 1749 libari
379 1689 484 1750 autem
506 1683 589 1749 sicut
615 1682 679 1750 dixi
706 1689 829 1750 tuntum
858 1684 1043 1768 superstites
1072 1682 1256 1764 proderunt,
1276 1695 1308 1748 10

128 1819 194 1868 uon
216 1801 311 1868 atium
332 1800 487 1882 deiuncti3
516 1803 572 1870 sad
593 1800 622 1868 si
648 1804 681 1868 in
709 1803 792 1870 ballo
818 1802 986 1884 perierint,
1008 1803 1186 1882 quntum
1207 1808 1258 1869 ost

128 1937 173 1984 sn
195 1920 331 2001 prosint:
353 1925 387 1985 et
408 1919 529 2002 pincmt
549 1919 607 1986 hos
634 1925 757 1986 tantum
786 1921 876 1988 nobis
905 1921 1139 2009 excusationem
1167 1939 1256 2005 prae-

128 2044 233 2114 stare,
254 2038 309 2119 qui
329 2040 361 2104 iu
384 2040 451 2105 acie
473 2044 506 2105 et
526 2041 558 2105 tu
579 2041 648 2122 ipso
667 2038 814 2107 condictu
842 2041 1021 2107 ceciderint.
1072 2057 1143 2109 eum
1172 2042 1256 2108 euim

128 2175 191 2236 pro
213 2157 393 2240 republica
413 2158 581 2241 perierint,
608 2161 849 2244 inperpetuum
876 2179 934 2244 per
960 2179 1065 2227 rerum
1094 2168 1255 2244 gestarum

83 2297 109 2350 1.
129 2275 264 2357 gloriam
287 2277 394 2343 uiuere
415 2276 651 2360 intelleguntur.
702 2281 730 2343 1.
763 2278 844 2346 ltem
873 2278 967 2346 diuus
993 2277 1120 2346 Marcus
1148 2278 1180 2345 iu
1209 2298 1254 2346 se·
1275 2297 1307 2347 ro

128 2395 302 2462 mestribus
324 2396 416 2464 iussit
442 2415 514 2464 eum
542 2399 597 2478 qui
625 2417 677 2465 res
705 2396 774 2466 fisci
802 2397 1017 2478 administret,
1047 2398 1147 2466 donec
1173 2399 1254 2466 eius·

127 2514 216 2578 modi
234 2515 536 2596 administrationem
559 2516 693 2582 redueat
714 2536 734 2582 a
755 2518 856 2586 tutela
878 2522 911 2582 et
932 2533 1009 2584 cura
1030 2517 1197 2584 excusari·
1222 2523 1256 2588 ct

128 2635 215 2701 ratio
236 2633 403 2700 manifesta
424 2639 484 2700 ost.
527 2651 655 2701 uacasse
675 2641 726 2701 est
746 2634 829 2701 euim
857 2640 914 2700 ant
940 2635 1014 2700 dnm
1041 2635 1160 2717 pupilio
1183 2635 1255 2703 sub·

127 2752 285 2833 uenimus,
305 2752 417 2820 fiscum
438 2752 578 2832 laedere,
600 2761 657 2820 ant
679 2755 753 2850 dum
783 2753 858 2820 fisco
888 2752 1094 2834 consulimus,
1120 2753 1255 2836 pupilio·

80 2882 108 2933 2.
127 2889 201 2938 rum
223 2873 293 2938 iura
315 2871 482 2940 offendere.
526 2873 556 2936 2.
589 2870 668 2939 Item
690 2873 745 2956 qui
768 2872 956 2956 reipublicae
982 2890 1078 2939 causa
1097 2873 1214 2939 absunt
1235 2891 1306 2942 ato

127 2992 285 3060 tutelast
315 3010 390 3057 cura
417 2997 619 3068 excusantur,
649 3011 710 3060 non
738 2993 839 3059 solum
867 2991 991 3071 futura,
1021 2998 1070 3059 set
1096 2992 1253 3075 praesenti

126 3130 263 3198 quoque,
279 3112 351 3178 licet
364 3117 531 3193 postquam
547 3109 661 3192 aliquis
680 3129 715 3177 se
729 3108 944 3191 immiscuerit,
959 3110 1044 3178 idest
1057 3129 1124 3176 rem
1145 3129 1253 3194 geren·

126 3233 200 3298 dam
224 3232 406 3311 susceperit,
431 3229 574 3296 mensuri
596 3249 658 3297 nou
681 3231 791 3298 soleat.
844 3231 897 3310 qui
919 3237 1025 3296 antam
1054 3229 1253 3296 administra·

125 3351 246 3418 tionem
267 3351 457 3431 susceperit,
481 3348 596 3417 deiude
621 3348 813 3430 reipublicae
841 3367 937 3416 cansa
966 3347 1077 3414 abasse
1104 3346 1252 3430 coeperit,

124 3466 328 3536 excusatione
350 3471 475 3547 utetur,
503 3475 536 3534 et
564 3472 695 3535 eatemm
725 3472 825 3534 semet
852 3468 979 3549 impune
1005 3486 1025 3532 a
1052 3483 1087 3532 re
1114 3465 1252 3547 gerenda
1268 3474 1304 3526 25

124 3587 288 3656 abstinere
310 3587 436 3671 poterit,
459 3591 614 3670 quatenus
641 3584 833 3667 reipublicae
859 3603 954 3651 causa
982 3582 1095 3652 aberit.
1146 3587 1179 3648 ai
1207 3582 1254 3647 in·
