3096 4890
698 481 737 490 ··
781 467 844 509 vm
887 481 929 491 -

252 629 312 695 teri
335 630 375 695 ad
398 649 494 695 unum
516 629 582 696 lere
605 638 674 698 tuto
696 631 800 695 animo
819 630 955 712 amplexi
971 642 1044 696 sunt
1060 652 1096 697 eo
1111 632 1267 711 libentius
1291 633 1375 715 quod

252 747 410 830 Degenius
432 749 465 814 iu
485 747 589 815 libello
613 769 669 815 sno
693 725 735 814 de¹
748 748 909 830 Theophili
933 756 1037 816 aetate
1067 758 1098 816 et
1126 751 1283 834 scriptis1)
1307 752 1375 833 plu·

251 868 337 933 ribus
360 868 553 949 argumentis
581 887 652 932 eam·
680 868 824 934 omnibus
846 871 981 952 probare
1004 878 1134 936 conatus
1157 879 1256 936 esset·
1294 889 1374 954 quae

251 995 354 1053 tamen
383 987 487 1068 opinio
516 995 668 1070 quantum
695 1008 764 1054 cum
793 990 861 1054 eius
890 991 1003 1055 aetatis
1030 990 1169 1055 moribus
1197 991 1373 1073 ceterisque

252 1106 290 1172 de
318 1105 480 1188 Theophili
510 1109 576 1173 uita
604 1109 723 1174 notitiis
752 1109 927 1186 conueniat,
956 1109 1015 1191 ipsi
1044 1110 1189 1174 uiderint.
1242 1116 1273 1174 et
1300 1117 1373 1175 ante

250 1227 355 1291 omnia
378 1226 455 1291 illud
486 1232 569 1291 esset
596 1227 872 1292 demonstrandum
902 1227 1105 1324 Theophilum
1135 1229 1371 1293 Antecessorem

249 1344 372 1425 longius
394 1351 529 1410 aetatem
552 1364 640 1411 suam
665 1348 855 1428 produxisse,
879 1367 973 1430 quam
989 1349 1070 1414 inter
1085 1367 1191 1412 omnes
1214 1347 1280 1412 fere
1302 1367 1373 1413 con-

250 1465 348 1528 uenit.
384 1458 455 1530 nam
479 1484 547 1531 cum
570 1485 640 1530 eum
665 1467 747 1531 inter
772 1467 855 1532 uiros
878 1466 1033 1534 adlectum
1050 1468 1145 1532 fuisse
1168 1475 1298 1542 constet,
1319 1470 1372 1550 qui

249 1583 344 1666 priori
372 1581 511 1665 Codicil)
542 1581 712 1665 Digestisl)
741 1583 1025 1668 institutionibus)
1053 1585 1274 1668 componendis
1301 1605 1372 1669 ope·

248 1719 315 1766 ram
339 1687 491 1781 dederint,
514 1703 671 1769 intereos
694 1712 797 1768 autem
821 1707 873 1784 qui
902 1707 1032 1770 alteram
1056 1705 1178 1770 Codicis
1201 1707 1371 1772 editionem

248 1821 430 1885 durauerint
452 1841 512 1886 nun
535 1823 760 1902 nominetur⁵)‚
789 1823 980 1904 probabilius
1004 1827 1206 1889 statuendum
1229 1833 1277 1890 est
1299 1844 1370 1890 eum

247 1948 321 2006 ante
355 1941 614 2008 constitutionem
634 1935 635 1940 ’
653 1942 783 2008 »Cordi«
819 1943 915 2009 latam
948 1943 1111 2027 obiisse:⁶)
1144 1946 1175 2009 h.
1203 1966 1229 2010 e.
1263 1946 1370 2026 paucis

248 2061 407 2126 mensibus
429 2067 501 2141 post
523 2061 652 2143 Digesta
674 2061 953 2145 Institutionesque
977 2064 1199 2147 promulgatas.
1223 2054 1370 2145 cumque

248 2181 364 2261 optime
387 2181 532 2245 conuenit
554 2181 753 2262 Digestorum
776 2201 923 2262 graecum
946 2173 1083 2250 Iudicem
1113 2185 1153 2249 ab
1181 2203 1217 2250 eo
1245 2201 1370 2265 suscep-

247 2305 314 2364 tum
343 2320 403 2366 non
427 2300 510 2364 ultra
531 2298 627 2365 libros
652 2301 717 2366 »De
746 2302 870 2380 rebus«,
898 2321 975 2385 quos
1007 2311 1130 2375 uocant
1160 2305 1288 2385 produci
1316 2323 1370 2385 po-

249 2419 390 2502 tuisse').
436 2440 497 2503 quo
520 2419 645 2485 tandem
668 2421 736 2485 iure
758 2439 917 2486 sumamus
941 2441 1012 2488 eum
1035 2429 1099 2487 tam
1115 2424 1206 2489 breui
1228 2431 1369 2506 ternpore

175 2551 179 2562 ⁸
248 2559 326 2623 opus
349 2525 503 2621 prolixum
527 2541 604 2604 satis
627 2547 660 2605 et
681 2540 868 2606 laboriosum
892 2543 932 2606 ad
947 2541 1039 2608 finem
1063 2561 1161 2624 usque
1177 2544 1367 2626 perduxisse,

248 2660 431 2739 praesertim
459 2678 530 2724 cum
558 2659 590 2723 iu
614 2657 721 2724 Iudice
749 2660 948 2740 Digestorum
979 2661 1168 2727 conficiendo
1197 2670 1368 2745 occupatus

248 2777 390 2852 lueritl
437 2811 439 2814 ·

284 2921 286 2952 τ
331 2899 419 2978 Quae
435 2907 538 2965 tumen
555 2919 616 2964 non
630 2900 709 2966 adeo
725 2901 830 2983 magni
846 2901 980 2966 fortasse
996 2901 1137 2967 facienda
1149 2907 1262 2978 essent,
1275 2904 1301 2965 si
1314 2901 1367 2966 ali-

246 3019 348 3083 cunde
364 3015 566 3100 probabiliter
581 3025 739 3084 constaret
755 3020 965 3099 paraphrasin
986 3037 1096 3084 reuera
1114 3020 1283 3102 Theophila
1299 3039 1367 3086 esse

245 3120 455 3204 tribuendam.
477 3137 510 3202 id
533 3146 637 3202 tamen
661 3138 746 3203 nulla
768 3139 906 3220 pretiosa
926 3140 1048 3204 ratione
1063 3139 1271 3205 contenditur.
1295 3158 1366 3205 nam

244 3257 380 3339 quirem
403 3257 462 3322 sibi
485 3258 758 3322 demonstrandam
775 3267 980 3339 susceperunt
995 3258 1071 3323 illud
1087 3265 1210 3324 tantum
1225 3259 1366 3324 adsecuti

244 3382 329 3455 sunt,
341 3383 378 3442 ut
389 3377 501 3459 cuique
512 3378 682 3458 probarent
692 3377 772 3442 hanc
784 3378 990 3458 paraphrasin
1002 3375 1168 3443 Iustiniani
1183 3378 1279 3442 aetati
1297 3395 1366 3444 esse

250 3497 449 3506 -m——ss-

315 3548 337 3612 ¹)
354 3545 562 3613 Bemerlrungen
581 3545 648 3599 dher
671 3545 719 3598 das
741 3545 871 3599 Zeitalter
894 3539 1018 3601 .'..dcs
1042 3544 1225 3614 griechischen
1251 3545 1364 3600 Rechts-

245 3629 335 3684 lehrer
352 3630 524 3699 Theophilus
545 3635 618 3686 1809.

314 3717 337 3786 ²)
356 3716 445 3771 Cenat.
465 3717 573 3771 »Haec
590 3732 675 3786 quae
692 3717 909 3772 necessario«
930 3720 946 3786 ᾗ
968 3724 989 3773 l.
1010 3719 1182 3772 »Summa«
1203 3717 1218 3787 ᾗ
1236 3720 1260 3772 2.

314 3801 445 3871 ⁶)Gonm.
464 3800 637 3856 ›Omnem‹
657 3803 672 3872 §
691 3805 715 3856 2.
735 3801 883 3856 ›Tanta‹
903 3803 1049 3873 [Δέδωκεν]
1068 3805 1083 3873 §
1102 3807 1126 3858 9.

314 3889 338 3954 ⁴)
356 3887 477 3942 Prooem.
497 3887 562 3941 Inst.
582 3889 598 3960 9
615 3893 640 3943 3.
658 3889 692 3943 cl.
710 3889 838 3960 Myliua
856 3879 978 3944 Historia
996 3887 1146 3956 Theophili,
1164 3905 1190 3957 p.
1209 3891 1250 3943 30.

314 3975 338 4036 ὅ)
354 3974 444 4028 const
463 3973 606 4028 ›Cordi‹
626 3977 641 4044 §
659 3978 683 4029 2.

313 4060 336 4127 θ)
354 4059 515 4114 Constitutio
537 4060 594 4114 lata
612 4067 653 4114 est
670 4061 695 4114 d.
714 4060 778 4115 XVI
795 4062 849 4116 lral.
868 4062 934 4116 Deo.
952 4078 1022 4116 anno
1040 4078 1067 4130 p.
1086 4062 1134 4117 ch.
1152 4078 1178 4116 n.
1196 4060 1364 4116 DXXXlIII.

313 4146 336 4211 τ)
354 4143 519 4214 Fragmenta
535 4146 644 4214 collegit
660 4147 817 4202 Reituius
840 4147 868 4202 11
886 4149 1029 4204 acu-att.
1057 4147 1111 4202 alia
1133 4146 1237 4202 addidit
1254 4145 1364 4200 Haim-

244 4230 390 4286 baohius
407 4231 488 4286 Basil.
506 4233 545 4287 Vl
563 4237 645 4304 34aq.
