3078 4882
600 439 833 502 -167-

151 643 261 691 norum
284 631 317 690 at
346 632 506 692 castrense
528 619 692 708 peculium.
742 631 775 692 ct
796 627 898 708 prima
919 644 995 692 uero
1018 626 1095 692 hacc
1118 627 1275 706 estquod

150 747 189 810 de
212 746 366 812 castrensi
388 745 509 826 peculio
531 743 748 810 filiusfamilias
770 750 921 823 testatur,
950 746 990 811 de
1019 763 1141 827 pagano
1170 750 1276 811 autem

149 883 211 930 non
225 866 344 946 utique.
369 866 508 931 secunda
523 865 700 932 differentia
715 865 868 932 eiusmodi
882 873 946 932 ast:
970 865 1071 931 iratus
1094 871 1184 945 pater
1206 883 1277 931 con·

150 991 202 1048 tra
223 982 457 1049 filiumfamilias
478 984 635 1065 peculium
657 985 748 1051 ciuile
770 984 910 1050 adimere
935 990 1054 1066 potest,
1081 1003 1143 1050 non
1171 989 1276 1049 autam

149 1108 320 1168 castrense.
366 1101 461 1168 tertia
483 1100 660 1168 differentia
682 1110 731 1167 est
753 1102 838 1186 qnod
864 1104 891 1168 si
918 1103 989 1186 quis
1016 1122 1036 1168 a
1058 1104 1200 1183 pluribus
1223 1121 1277 1166 aes
1311 1115 1328 1164 a

149 1225 287 1291 alienum
315 1227 506 1291 contraxerit
527 1232 559 1290 et
582 1226 733 1292 bonorum
756 1226 911 1293 sustineat
932 1243 951 1290 a
974 1223 1181 1289 creditoribus
1204 1240 1276 1286 uen-

151 1344 313 1419 ditionem,
335 1345 427 1410 ciuile
448 1345 604 1428 peculium
627 1345 720 1410 simul
743 1364 857 1411 uenum
872 1346 907 1425 it,
930 1351 1089 1410 castrense
1106 1361 1167 1407 non
1189 1340 1276 1405 item.

150 1470 201 1530 est
223 1469 256 1529 et
278 1472 390 1546 quarta
412 1463 604 1530 differentia:
627 1465 655 1529 si
675 1463 819 1547 pluribus
841 1465 948 1531 liberis
968 1460 1202 1547 superstitibus,
1223 1477 1277 1542 pa-

151 1591 201 1650 ter
221 1585 384 1657 moriatur,
408 1584 525 1650 habeat
546 1591 651 1649 autem
674 1581 788 1665 aliquis
816 1603 854 1649 ex
876 1584 915 1649 iis
937 1582 1030 1650 ciuile
1060 1588 1092 1648 et
1119 1585 1278 1648 castrense

150 1702 324 1783 peculium,
357 1704 450 1768 ciuile
476 1705 614 1769 omnium
636 1703 815 1778 liberorum,
839 1703 893 1783 qui
925 1703 1081 1784 quondam
1103 1699 1222 1767 tuerint
1247 1699 1277 1764 in
1299 1707 1331 1759 10

151 1826 320 1903 potestate,
345 1841 506 1888 commune
529 1824 604 1899 erit,
633 1827 794 1888 castrense
816 1822 883 1887 eius
906 1826 1042 1900 tantum,
1066 1821 1119 1903 qui
1142 1819 1280 1902 adquisi-

152 1943 253 2022 uerit3
276 1959 465 2024 quamquam
482 1942 586 2006 omnia
600 1939 871 2007 filiorumfamilias
885 1942 1007 2022 peculia
1022 1941 1151 2021 perinde
1174 1938 1279 2022 portio

153 2066 306 2140 paternae
328 2061 513 2126 hereditatis
536 2079 606 2125 esse
628 2061 813 2139 uideantur,
836 2067 932 2144 atque
966 2078 1129 2126 seruorum
1158 2057 1281 2142 peculia

153 2179 186 2245 in
211 2178 301 2246 bonis
324 2179 521 2246 dominorum
544 2187 758 2247 numerantur.
808 2200 890 2264 quae
918 2181 957 2246 de
985 2180 1199 2247 castrensibus
1229 2198 1281 2261 pe

132 2301 245 2367 -euliis
268 2300 353 2366 dicta
375 2308 450 2365 sunt
472 2307 504 2366 et
526 2302 565 2366 de
591 2301 655 2366 illis
681 2301 890 2382 intellegenda
917 2307 1005 2376 sunt,
1034 2318 1116 2381 quae
1143 2320 1181 2365 ex
1210 2311 1333 2365 oon-15

154 2420 373 2486 stitutionibus
395 2427 524 2503 propter
546 2421 688 2486 diuersas
718 2439 829 2487 causas
859 2421 942 2503 patri
970 2439 1032 2485 non
1060 2419 1280 2502 adquiruntur.

155 2545 284 2621 praeter
306 2559 377 2605 aum
404 2539 503 2621 igitur
533 2541 587 2622 qui
615 2547 775 2606 castrense
802 2541 854 2606 uel
882 2541 974 2623 quasi
1001 2547 1161 2606 castrense
1187 2540 1283 2605 habet

155 2658 325 2739 peculium,
348 2661 375 2725 si
397 2661 468 2742 quis
490 2661 571 2725 alius
594 2659 811 2726 filiusfamilias
840 2667 1062 2727 testamentum
1093 2659 1219 2739 fecerit,
1248 2659 1282 2725 id

155 2778 267 2844 inutile
289 2787 355 2856 est,
378 2779 451 2846 lieet
473 2780 523 2846 sui
544 2779 624 2845 iuris
646 2780 747 2847 iactus
770 2781 948 2847 decesserit.
993 2778 1178 2863 respicimus
1201 2780 1283 2847 enirn

156 2914 282 2979 semper
314 2903 438 2980 tempus
472 2899 599 2976 mortis,
632 2905 681 2964 set
712 2898 788 2964 illud
821 2900 929 2978 etiam,
962 2919 1025 2982 quo
1052 2901 1212 2965 conditum
1235 2905 1285 2966 est
1302 2913 1336 2964 no

157 3021 391 3092 testamentum,
403 3035 442 3082 an
455 3024 589 3109 utroque
601 3021 740 3101 ternpore
756 3019 893 3084 testandi
908 3022 978 3102 quis
994 3020 1140 3086 habuerit
1153 3019 1284 3085 faculta-

115 3164 138 3214 ι,
157 3143 232 3202 tem.
258 3138 286 3198 1.
309 3135 478 3203 Praeterea
493 3143 653 3217 nequeunt
666 3139 779 3204 testari
799 3139 984 3220 impuberes.
1008 3139 1070 3204 seis
1092 3139 1174 3206 enim
1190 3143 1285 3204 testa-

158 3263 298 3323 mentum
319 3258 432 3322 mentis
448 3259 509 3324 dici
524 3259 738 3324 testationem:
761 3259 879 3325 iudicio
900 3265 1008 3326 autem
1031 3259 1172 3340 impubes
1187 3264 1284 3324 caret.

158 3395 262 3457 neque
285 3375 396 3444 furiosi
419 3382 577 3443 testantur
599 3379 672 3461 quia
694 3384 797 3445 mente
821 3384 936 3444 carent.
975 3379 1083 3460 itaque
1105 3397 1206 3459 neque
1228 3377 1285 3441 im·

158 3499 261 3579 pubes
276 3514 378 3578 neque
393 3496 531 3564 furiosus
547 3504 714 3575 testantur,
738 3517 809 3564 cum
824 3499 905 3563 alter
920 3496 1069 3562 iudicium
1085 3496 1221 3562 nondum
1244 3495 1286 3561 sit
