<?xml version="1.0" encoding="UTF-8"?>
<!DOCTYPE html PUBLIC "-//W3C//DTD XHTML 1.0 Transitional//EN"
    "http://www.w3.org/TR/xhtml1/DTD/xhtml1-transitional.dtd">
<html xmlns="http://www.w3.org/1999/xhtml" xml:lang="en" lang="en">
 <head>
  <title>
</title>
<meta http-equiv="Content-Type" content="text/html;charset=utf-8" />
  <meta name='ocr-system' content='tesseract 3.04.00' />
  <meta name='ocr-capabilities' content='ocr_page ocr_carea ocr_par ocr_line ocrx_word'/>
</head>
<body>
  <div class='ocr_page' id='page_1' title='image "./institutionumgr00linggoog_0233.png"; bbox 0 0 2990 4884; ppageno 0'>
   <div class='ocr_carea' id='block_1_1' title="bbox 565 423 796 488">
    <p class='ocr_par' dir='ltr' id='par_1_1' title="bbox 565 423 796 488">
     <span class='ocr_line' id='line_1_1' title="bbox 565 423 796 488; baseline -0.022 -8"><span class='ocrx_word' id='word_1_1' title='bbox 565 423 796 488; x_wconf 84' lang='grc'>..100-</span> 
     </span>
    </p>
   </div>
   <div class='ocr_carea' id='block_1_2' title="bbox 68 603 1290 1172">
    <p class='ocr_par' dir='ltr' id='par_1_2' title="bbox 68 603 1290 1172">
     <span class='ocr_line' id='line_1_2' title="bbox 118 603 1241 696; baseline 0.007 -26"><span class='ocrx_word' id='word_1_2' title='bbox 118 603 344 671; x_wconf 78' lang='lat' dir='ltr'><strong>usufructuarii</strong></span> <span class='ocrx_word' id='word_1_3' title='bbox 366 608 449 674; x_wconf 83' lang='lat' dir='ltr'><strong>iacta</strong></span> <span class='ocrx_word' id='word_1_4' title='bbox 471 616 554 675; x_wconf 91' lang='lat' dir='ltr'><strong>sunt.</strong></span> <span class='ocrx_word' id='word_1_5' title='bbox 606 609 638 676; x_wconf 89' lang='lat' dir='ltr'><strong>in</strong></span> <span class='ocrx_word' id='word_1_6' title='bbox 666 611 801 677; x_wconf 88' lang='lat' dir='ltr'><strong>alienum</strong></span> <span class='ocrx_word' id='word_1_7' title='bbox 831 629 955 696; x_wconf 91' lang='lat' dir='ltr'><strong>quoque</strong></span> <span class='ocrx_word' id='word_1_8' title='bbox 986 614 1103 692; x_wconf 87' lang='lat' dir='ltr'><strong>locum,</strong></span> <span class='ocrx_word' id='word_1_9' title='bbox 1133 631 1241 679; x_wconf 87' lang='lat' dir='ltr'><strong>conee-</strong></span> 
     </span>
     <span class='ocr_line' id='line_1_3' title="bbox 118 725 1238 814; baseline 0.007 -25"><span class='ocrx_word' id='word_1_10' title='bbox 118 726 213 790; x_wconf 90' lang='lat' dir='ltr'><strong>dente</strong></span> <span class='ocrx_word' id='word_1_11' title='bbox 236 725 369 805; x_wconf 90' lang='lat' dir='ltr'><strong>domino,</strong></span> <span class='ocrx_word' id='word_1_12' title='bbox 392 728 466 793; x_wconf 89' lang='lat' dir='ltr'><strong>licet</strong></span> <span class='ocrx_word' id='word_1_13' title='bbox 495 735 652 795; x_wconf 91' lang='lat' dir='ltr'><strong>mortuum</strong></span> <span class='ocrx_word' id='word_1_14' title='bbox 680 729 797 797; x_wconf 85' lang='lat' dir='ltr'><strong>inferre</strong></span> <span class='ocrx_word' id='word_1_15' title='bbox 824 738 856 796; x_wconf 91' lang='lat' dir='ltr'><strong>et</strong></span> <span class='ocrx_word' id='word_1_16' title='bbox 884 731 1048 814; x_wconf 84' lang='lat' dir='ltr'><strong>religiosus</strong></span> <span class='ocrx_word' id='word_1_17' title='bbox 1075 733 1161 798; x_wconf 90' lang='lat' dir='ltr'><strong>locus</strong></span> <span class='ocrx_word' id='word_1_18' title='bbox 1188 731 1238 797; x_wconf 90' lang='lat' dir='ltr'><strong>fit:</strong></span> 
     </span>
     <span class='ocr_line' id='line_1_4' title="bbox 117 845 1239 930; baseline 0.009 -22"><span class='ocrx_word' id='word_1_19' title='bbox 117 845 297 911; x_wconf 88' lang='lat' dir='ltr'><strong>sinautem</strong></span> <span class='ocrx_word' id='word_1_20' title='bbox 325 865 362 912; x_wconf 93' lang='lat' dir='ltr'><strong>eo</strong></span> <span class='ocrx_word' id='word_1_21' title='bbox 388 845 487 912; x_wconf 91' lang='lat' dir='ltr'><strong>inuito</strong></span> <span class='ocrx_word' id='word_1_22' title='bbox 517 848 677 930; x_wconf 89' lang='lat' dir='ltr'><strong>depositus</strong></span> <span class='ocrx_word' id='word_1_23' title='bbox 699 854 740 916; x_wconf 89' lang='lat' dir='ltr'><strong>sit</strong></span> <span class='ocrx_word' id='word_1_24' title='bbox 769 857 926 928; x_wconf 81' lang='lat' dir='ltr'><strong>mortuus,</strong></span> <span class='ocrx_word' id='word_1_25' title='bbox 955 851 1066 918; x_wconf 88' lang='lat' dir='ltr'><strong>deindo</strong></span> <span class='ocrx_word' id='word_1_26' title='bbox 1097 851 1239 918; x_wconf 92' lang='lat' dir='ltr'><strong>dominns</strong></span> 
     </span>
     <span class='ocr_line' id='line_1_5' title="bbox 117 965 1240 1053; baseline 0.006 -23"><span class='ocrx_word' id='word_1_27' title='bbox 117 967 235 1030; x_wconf 84' lang='lat' dir='ltr'><strong>certior</strong></span> <span class='ocrx_word' id='word_1_28' title='bbox 256 965 357 1032; x_wconf 82' lang='lat' dir='ltr'><strong>iactus</strong></span> <span class='ocrx_word' id='word_1_29' title='bbox 380 974 482 1032; x_wconf 86' lang='lat' dir='ltr'><strong>ratum</strong></span> <span class='ocrx_word' id='word_1_30' title='bbox 505 969 651 1034; x_wconf 88' lang='lat' dir='ltr'><strong>habuerit</strong></span> <span class='ocrx_word' id='word_1_31' title='bbox 672 969 755 1051; x_wconf 91' lang='lat' dir='ltr'><strong>quod</strong></span> <span class='ocrx_word' id='word_1_32' title='bbox 777 969 894 1036; x_wconf 83' lang='lat' dir='ltr'><strong>tactum</strong></span> <span class='ocrx_word' id='word_1_33' title='bbox 917 977 974 1051; x_wconf 82' lang='lat' dir='ltr'><strong>est,</strong></span> <span class='ocrx_word' id='word_1_34' title='bbox 998 979 1030 1037; x_wconf 89' lang='lat' dir='ltr'><strong>et</strong></span> <span class='ocrx_word' id='word_1_35' title='bbox 1051 972 1096 1036; x_wconf 89' lang='lat' dir='ltr'><strong>ita</strong></span> <span class='ocrx_word' id='word_1_36' title='bbox 1118 971 1240 1053; x_wconf 84' lang='lat' dir='ltr'><strong>religio·</strong></span> 
     </span>
     <span class='ocr_line' id='line_1_6' title="bbox 68 1085 1290 1172; baseline 0.007 -24"><span class='ocrx_word' id='word_1_37' title='bbox 68 1089 172 1150; x_wconf 85' lang='lat' dir='ltr'><strong>1⁰·sus</strong></span> <span class='ocrx_word' id='word_1_38' title='bbox 196 1086 281 1151; x_wconf 85' lang='lat' dir='ltr'><strong>loeus</strong></span> <span class='ocrx_word' id='word_1_39' title='bbox 304 1085 349 1151; x_wconf 89' lang='lat' dir='ltr'><strong>fit.</strong></span> <span class='ocrx_word' id='word_1_40' title='bbox 395 1086 444 1150; x_wconf 88' lang='lat'><strong>10.</strong></span> <span class='ocrx_word' id='word_1_41' title='bbox 480 1087 614 1153; x_wconf 76' lang='lat' dir='ltr'>Sanctae</span> <span class='ocrx_word' id='word_1_42' title='bbox 636 1108 695 1165; x_wconf 74' lang='lat' dir='ltr'><strong>res</strong></span> <span class='ocrx_word' id='word_1_43' title='bbox 720 1087 818 1156; x_wconf 90' lang='lat' dir='ltr'><strong>ueluti</strong></span> <span class='ocrx_word' id='word_1_44' title='bbox 842 1091 922 1154; x_wconf 91' lang='lat' dir='ltr'><strong>muri</strong></span> <span class='ocrx_word' id='word_1_45' title='bbox 943 1096 1070 1172; x_wconf 81' lang='lat' dir='ltr'><strong>portae,</strong></span> <span class='ocrx_word' id='word_1_46' title='bbox 1092 1091 1240 1170; x_wconf 85' lang='lat' dir='ltr'><strong>quodam·</strong></span> <span class='ocrx_word' id='word_1_47' title='bbox 1274 1093 1290 1144; x_wconf 75' lang='grc' dir='ltr'><strong>ὅ</strong></span> 
     </span>
    </p>
   </div>
   <div class='ocr_carea' id='block_1_3' title="bbox 62 1327 1290 3786">
    <p class='ocr_par' dir='ltr' id='par_1_3' title="bbox 62 1327 1290 3786">
     <span class='ocr_line' id='line_1_7' title="bbox 117 1327 1239 1410; baseline 0.002 -19"><span class='ocrx_word' id='word_1_48' title='bbox 117 1335 225 1392; x_wconf 82' lang='lat' dir='ltr'><strong>antem</strong></span> <span class='ocrx_word' id='word_1_49' title='bbox 249 1343 353 1392; x_wconf 86' lang='lat' dir='ltr'><strong>muros</strong></span> <span class='ocrx_word' id='word_1_50' title='bbox 377 1334 501 1392; x_wconf 87' lang='lat' dir='ltr'><strong>sanctos</strong></span> <span class='ocrx_word' id='word_1_51' title='bbox 526 1328 658 1392; x_wconf 85' lang='lat' dir='ltr'><strong>diximus</strong></span> <span class='ocrx_word' id='word_1_52' title='bbox 680 1330 754 1410; x_wconf 92' lang='lat' dir='ltr'><strong>quia</strong></span> <span class='ocrx_word' id='word_1_53' title='bbox 775 1347 875 1408; x_wconf 91' lang='lat' dir='ltr'><strong>poena</strong></span> <span class='ocrx_word' id='word_1_54' title='bbox 903 1327 1013 1408; x_wconf 87' lang='lat' dir='ltr'><strong>capitis</strong></span> <span class='ocrx_word' id='word_1_55' title='bbox 1036 1327 1068 1391; x_wconf 92' lang='lat' dir='ltr'><strong>in</strong></span> <span class='ocrx_word' id='word_1_56' title='bbox 1092 1347 1145 1393; x_wconf 91' lang='lat' dir='ltr'><strong>eos</strong></span> <span class='ocrx_word' id='word_1_57' title='bbox 1168 1347 1239 1393; x_wconf 89' lang='lat' dir='ltr'><strong>con·</strong></span> 
     </span>
     <span class='ocr_line' id='line_1_8' title="bbox 116 1445 1238 1530; baseline 0.004 -22"><span class='ocrx_word' id='word_1_58' title='bbox 116 1445 230 1509; x_wconf 88' lang='lat' dir='ltr'><strong>stitnta</strong></span> <span class='ocrx_word' id='word_1_59' title='bbox 254 1452 302 1510; x_wconf 90' lang='lat' dir='ltr'><strong>est</strong></span> <span class='ocrx_word' id='word_1_60' title='bbox 322 1447 376 1528; x_wconf 91' lang='lat' dir='ltr'><strong>qni</strong></span> <span class='ocrx_word' id='word_1_61' title='bbox 397 1445 517 1526; x_wconf 88' lang='lat' dir='ltr'><strong>aliquid</strong></span> <span class='ocrx_word' id='word_1_62' title='bbox 536 1447 568 1510; x_wconf 95' lang='lat' dir='ltr'><strong>in</strong></span> <span class='ocrx_word' id='word_1_63' title='bbox 585 1463 689 1510; x_wconf 90' lang='lat' dir='ltr'><strong>muros</strong></span> <span class='ocrx_word' id='word_1_64' title='bbox 705 1446 902 1529; x_wconf 84' lang='lat' dir='ltr'><strong>deliquerint,</strong></span> <span class='ocrx_word' id='word_1_65' title='bbox 918 1448 1016 1514; x_wconf 89' lang='lat' dir='ltr'><strong>ueluti</strong></span> <span class='ocrx_word' id='word_1_66' title='bbox 1031 1454 1151 1530; x_wconf 90' lang='lat' dir='ltr'><strong>petram</strong></span> <span class='ocrx_word' id='word_1_67' title='bbox 1167 1449 1238 1512; x_wconf 92' lang='lat' dir='ltr'><strong>inde</strong></span> 
     </span>
     <span class='ocr_line' id='line_1_9' title="bbox 115 1563 1239 1647; baseline 0.004 -19"><span class='ocrx_word' id='word_1_68' title='bbox 115 1564 269 1631; x_wconf 91' lang='lat' dir='ltr'><strong>sumendo</strong></span> <span class='ocrx_word' id='word_1_69' title='bbox 298 1565 347 1629; x_wconf 91' lang='lat' dir='ltr'><strong>uel</strong></span> <span class='ocrx_word' id='word_1_70' title='bbox 378 1563 517 1647; x_wconf 84' lang='lat' dir='ltr'><strong>quolibet</strong></span> <span class='ocrx_word' id='word_1_71' title='bbox 545 1566 636 1628; x_wconf 94' lang='lat' dir='ltr'><strong>modo</strong></span> <span class='ocrx_word' id='word_1_72' title='bbox 666 1584 753 1630; x_wconf 90' lang='lat' dir='ltr'><strong>muro</strong></span> <span class='ocrx_word' id='word_1_73' title='bbox 785 1567 930 1631; x_wconf 89' lang='lat' dir='ltr'><strong>damnum</strong></span> <span class='ocrx_word' id='word_1_74' title='bbox 953 1565 1122 1633; x_wconf 88' lang='lat' dir='ltr'><strong>inferendo.</strong></span> <span class='ocrx_word' id='word_1_75' title='bbox 1167 1565 1239 1632; x_wconf 92' lang='lat' dir='ltr'><strong>ideo</strong></span> 
     </span>
     <span class='ocr_line' id='line_1_10' title="bbox 115 1682 1290 1767; baseline -0.003 -18"><span class='ocrx_word' id='word_1_76' title='bbox 115 1689 150 1749; x_wconf 87' lang='lat' dir='ltr'><strong>et</strong></span> <span class='ocrx_word' id='word_1_77' title='bbox 171 1682 275 1764; x_wconf 85' lang='lat' dir='ltr'><strong>legum</strong></span> <span class='ocrx_word' id='word_1_78' title='bbox 298 1701 350 1749; x_wconf 87' lang='lat' dir='ltr'><strong>aas</strong></span> <span class='ocrx_word' id='word_1_79' title='bbox 373 1692 489 1767; x_wconf 85' lang='lat' dir='ltr'><strong>partes,</strong></span> <span class='ocrx_word' id='word_1_80' title='bbox 513 1685 627 1766; x_wconf 87' lang='lat' dir='ltr'><strong>quibus</strong></span> <span class='ocrx_word' id='word_1_81' title='bbox 649 1687 791 1767; x_wconf 84' lang='lat' dir='ltr'><strong>partibus</strong></span> <span class='ocrx_word' id='word_1_82' title='bbox 814 1703 931 1765; x_wconf 89' lang='lat' dir='ltr'><strong>poenae</strong></span> <span class='ocrx_word' id='word_1_83' title='bbox 954 1686 1143 1752; x_wconf 79' lang='lat' dir='ltr'><strong>constitutae</strong></span> <span class='ocrx_word' id='word_1_84' title='bbox 1165 1689 1290 1751; x_wconf 75' lang='lat' dir='ltr'><strong>santio</strong></span> 
     </span>
     <span class='ocr_line' id='line_1_11' title="bbox 114 1803 1238 1886; baseline 0.005 -20"><span class='ocrx_word' id='word_1_85' title='bbox 114 1805 147 1867; x_wconf 91' lang='lat' dir='ltr'><strong>in</strong></span> <span class='ocrx_word' id='word_1_86' title='bbox 171 1821 225 1868; x_wconf 89' lang='lat' dir='ltr'><strong>eos</strong></span> <span class='ocrx_word' id='word_1_87' title='bbox 249 1804 301 1884; x_wconf 90' lang='lat' dir='ltr'><strong>qui</strong></span> <span class='ocrx_word' id='word_1_88' title='bbox 323 1809 432 1869; x_wconf 85' lang='lat' dir='ltr'><strong>contra</strong></span> <span class='ocrx_word' id='word_1_89' title='bbox 453 1803 538 1886; x_wconf 82' lang='lat' dir='ltr'><strong>leges</strong></span> <span class='ocrx_word' id='word_1_90' title='bbox 559 1805 698 1884; x_wconf 88' lang='lat' dir='ltr'><strong>fecerint,</strong></span> <span class='ocrx_word' id='word_1_91' title='bbox 721 1805 896 1870; x_wconf 86' lang='lat' dir='ltr'><strong>sanctiones</strong></span> <span class='ocrx_word' id='word_1_92' title='bbox 926 1822 1083 1871; x_wconf 87' lang='lat' dir='ltr'><strong>uocamus.</strong></span> <span class='ocrx_word' id='word_1_93' title='bbox 1132 1805 1238 1872; x_wconf 87' lang='lat' dir='ltr'><strong>dicun·</strong></span> 
     </span>
     <span class='ocr_line' id='line_1_12' title="bbox 113 1922 1238 2003; baseline 0.004 -17"><span class='ocrx_word' id='word_1_94' title='bbox 113 1932 169 1988; x_wconf 87' lang='lat' dir='ltr'><strong>tur</strong></span> <span class='ocrx_word' id='word_1_95' title='bbox 194 1928 298 1988; x_wconf 91' lang='lat' dir='ltr'><strong>autem</strong></span> <span class='ocrx_word' id='word_1_96' title='bbox 321 1928 353 1987; x_wconf 91' lang='lat' dir='ltr'><strong>et</strong></span> <span class='ocrx_word' id='word_1_97' title='bbox 379 1922 453 1988; x_wconf 93' lang='lat' dir='ltr'><strong>inde</strong></span> <span class='ocrx_word' id='word_1_98' title='bbox 479 1942 545 1988; x_wconf 90' lang='lat' dir='ltr'><strong>res</strong></span> <span class='ocrx_word' id='word_1_99' title='bbox 571 1929 753 2001; x_wconf 90' lang='lat' dir='ltr'><strong>sanctae,</strong></span> <span class='ocrx_word' id='word_1_100' title='bbox 781 1923 865 2003; x_wconf 87' lang='lat' dir='ltr'><strong>quod</strong></span> <span class='ocrx_word' id='word_1_101' title='bbox 891 1923 1047 1990; x_wconf 86' lang='lat' dir='ltr'><strong>sancire</strong></span> <span class='ocrx_word' id='word_1_102' title='bbox 1075 1929 1124 1990; x_wconf 88' lang='lat' dir='ltr'><strong>ast</strong></span> <span class='ocrx_word' id='word_1_103' title='bbox 1152 1943 1238 1990; x_wconf 90' lang='lat' dir='ltr'><strong>con·</strong></span> 
     </span>
     <span class='ocr_line' id='line_1_13' title="bbox 112 2042 1238 2125; baseline 0.003 -19"><span class='ocrx_word' id='word_1_104' title='bbox 112 2042 291 2108; x_wconf 84' lang='lat' dir='ltr'><strong>firmare.</strong></span> <span class='ocrx_word' id='word_1_105' title='bbox 336 2060 406 2108; x_wconf 86' lang='lat' dir='ltr'><strong>oum</strong></span> <span class='ocrx_word' id='word_1_106' title='bbox 427 2043 524 2125; x_wconf 79' lang='lat' dir='ltr'><strong>igitur</strong></span> <span class='ocrx_word' id='word_1_107' title='bbox 547 2045 627 2108; x_wconf 91' lang='lat' dir='ltr'><strong>muri</strong></span> <span class='ocrx_word' id='word_1_108' title='bbox 650 2060 706 2108; x_wconf 91' lang='lat' dir='ltr'><strong>nos</strong></span> <span class='ocrx_word' id='word_1_109' title='bbox 729 2051 887 2122; x_wconf 79' lang='lat' dir='ltr'><strong>tueantur,</strong></span> <span class='ocrx_word' id='word_1_110' title='bbox 909 2044 979 2109; x_wconf 95' lang='lat' dir='ltr'><strong>ideo</strong></span> <span class='ocrx_word' id='word_1_111' title='bbox 1001 2044 1102 2110; x_wconf 87' lang='lat' dir='ltr'><strong>sancti</strong></span> <span class='ocrx_word' id='word_1_112' title='bbox 1125 2061 1238 2111; x_wconf 87' lang='lat' dir='ltr'><strong>uocan-</strong></span> 
     </span>
     <span class='ocr_line' id='line_1_14' title="bbox 113 2162 1236 2244; baseline 0.001 -18"><span class='ocrx_word' id='word_1_113' title='bbox 113 2171 179 2226; x_wconf 90' lang='lat' dir='ltr'><strong>tur.</strong></span> <span class='ocrx_word' id='word_1_114' title='bbox 231 2169 358 2244; x_wconf 85' lang='lat' dir='ltr'><strong>praesto</strong></span> <span class='ocrx_word' id='word_1_115' title='bbox 386 2167 434 2228; x_wconf 90' lang='lat' dir='ltr'><strong>est</strong></span> <span class='ocrx_word' id='word_1_116' title='bbox 463 2171 496 2227; x_wconf 91' lang='lat' dir='ltr'><strong>et</strong></span> <span class='ocrx_word' id='word_1_117' title='bbox 524 2162 667 2229; x_wconf 81' lang='lat' dir='ltr'><strong>fabulosa</strong></span> <span class='ocrx_word' id='word_1_118' title='bbox 694 2163 848 2242; x_wconf 85' lang='lat' dir='ltr'><strong>quaedam</strong></span> <span class='ocrx_word' id='word_1_119' title='bbox 877 2163 945 2230; x_wconf 91' lang='lat' dir='ltr'><strong>eius</strong></span> <span class='ocrx_word' id='word_1_120' title='bbox 972 2165 1104 2229; x_wconf 89' lang='lat' dir='ltr'><strong>nominis</strong></span> <span class='ocrx_word' id='word_1_121' title='bbox 1133 2182 1236 2230; x_wconf 85' lang='lat' dir='ltr'><strong>eausa.</strong></span> 
     </span>
     <span class='ocr_line' id='line_1_15' title="bbox 114 2281 1289 2366; baseline -0.001 -18"><span class='ocrx_word' id='word_1_122' title='bbox 114 2283 264 2348; x_wconf 90' lang='lat' dir='ltr'><strong>dicuntur</strong></span> <span class='ocrx_word' id='word_1_123' title='bbox 286 2281 366 2346; x_wconf 93' lang='lat' dir='ltr'><strong>enim</strong></span> <span class='ocrx_word' id='word_1_124' title='bbox 390 2282 433 2346; x_wconf 94' lang='lat' dir='ltr'><strong>dii</strong></span> <span class='ocrx_word' id='word_1_125' title='bbox 454 2283 609 2363; x_wconf 93' lang='lat' dir='ltr'><strong>quondam</strong></span> <span class='ocrx_word' id='word_1_126' title='bbox 636 2301 706 2348; x_wconf 91' lang='lat' dir='ltr'><strong>cnm</strong></span> <span class='ocrx_word' id='word_1_127' title='bbox 733 2282 909 2349; x_wconf 86' lang='lat' dir='ltr'><strong>hominibus</strong></span> <span class='ocrx_word' id='word_1_128' title='bbox 936 2283 1095 2351; x_wconf 74' lang='lat' dir='ltr'><strong>habitasse</strong></span> <span class='ocrx_word' id='word_1_129' title='bbox 1123 2302 1238 2366; x_wconf 90' lang='lat' dir='ltr'><strong>eosque</strong></span> <span class='ocrx_word' id='word_1_130' title='bbox 1259 2297 1289 2348; x_wconf 72' lang='grc' dir='ltr'><strong>ιε</strong></span> 
     </span>
     <span class='ocr_line' id='line_1_16' title="bbox 113 2401 1238 2501; baseline 0 -33"><span class='ocrx_word' id='word_1_131' title='bbox 113 2403 201 2468; x_wconf 89' lang='lat' dir='ltr'><strong>omni</strong></span> <span class='ocrx_word' id='word_1_132' title='bbox 222 2401 360 2501; x_wconf 78' lang='lat' dir='ltr'><strong>periculo</strong></span> <span class='ocrx_word' id='word_1_133' title='bbox 382 2401 535 2468; x_wconf 87' lang='lat' dir='ltr'><strong>immunes</strong></span> <span class='ocrx_word' id='word_1_134' title='bbox 557 2419 714 2469; x_wconf 86' lang='lat' dir='ltr'><strong>seruasse:</strong></span> <span class='ocrx_word' id='word_1_135' title='bbox 743 2404 854 2469; x_wconf 91' lang='lat' dir='ltr'><strong>deinde</strong></span> <span class='ocrx_word' id='word_1_136' title='bbox 881 2417 958 2468; x_wconf 90' lang='lat' dir='ltr'><strong>uero</strong></span> <span class='ocrx_word' id='word_1_137' title='bbox 985 2403 1125 2469; x_wconf 88' lang='lat' dir='ltr'><strong>homines</strong></span> <span class='ocrx_word' id='word_1_138' title='bbox 1151 2404 1238 2470; x_wconf 86' lang='lat' dir='ltr'><strong>fasti·</strong></span> 
     </span>
     <span class='ocr_line' id='line_1_17' title="bbox 113 2520 1237 2604; baseline 0 -18"><span class='ocrx_word' id='word_1_139' title='bbox 113 2522 168 2587; x_wconf 89' lang='lat' dir='ltr'><strong>dio</strong></span> <span class='ocrx_word' id='word_1_140' title='bbox 199 2521 349 2588; x_wconf 88' lang='lat' dir='ltr'><strong>habentes</strong></span> <span class='ocrx_word' id='word_1_141' title='bbox 379 2539 432 2587; x_wconf 89' lang='lat' dir='ltr'><strong>eos</strong></span> <span class='ocrx_word' id='word_1_142' title='bbox 464 2521 642 2604; x_wconf 86' lang='lat' dir='ltr'><strong>reliquisse.</strong></span> <span class='ocrx_word' id='word_1_143' title='bbox 696 2520 836 2589; x_wconf 89' lang='lat' dir='ltr'><strong>homines</strong></span> <span class='ocrx_word' id='word_1_144' title='bbox 870 2541 945 2588; x_wconf 88' lang='lat' dir='ltr'><strong>uero</strong></span> <span class='ocrx_word' id='word_1_145' title='bbox 979 2540 1088 2588; x_wconf 87' lang='lat' dir='ltr'><strong>eorum</strong></span> <span class='ocrx_word' id='word_1_146' title='bbox 1121 2521 1237 2587; x_wconf 84' lang='lat' dir='ltr'><strong>auxilio</strong></span> 
     </span>
     <span class='ocr_line' id='line_1_18' title="bbox 113 2639 1239 2722; baseline 0 -15"><span class='ocrx_word' id='word_1_147' title='bbox 113 2641 260 2708; x_wconf 86' lang='lat' dir='ltr'><strong>destituti</strong></span> <span class='ocrx_word' id='word_1_148' title='bbox 282 2642 322 2706; x_wconf 91' lang='lat' dir='ltr'><strong>ad</strong></span> <span class='ocrx_word' id='word_1_149' title='bbox 344 2639 581 2707; x_wconf 89' lang='lat' dir='ltr'><strong>similitudinem</strong></span> <span class='ocrx_word' id='word_1_150' title='bbox 602 2659 710 2706; x_wconf 89' lang='lat' dir='ltr'><strong>eorum</strong></span> <span class='ocrx_word' id='word_1_151' title='bbox 732 2640 894 2712; x_wconf 86' lang='lat' dir='ltr'><strong>custodias</strong></span> <span class='ocrx_word' id='word_1_152' title='bbox 916 2657 1022 2707; x_wconf 89' lang='lat' dir='ltr'><strong>muros</strong></span> <span class='ocrx_word' id='word_1_153' title='bbox 1045 2641 1239 2722; x_wconf 71' lang='lat' dir='ltr'><strong>excogitans</strong></span> 
     </span>
     <span class='ocr_line' id='line_1_19' title="bbox 114 2761 1236 2844; baseline 0 -18"><span class='ocrx_word' id='word_1_154' title='bbox 114 2766 207 2827; x_wconf 90' lang='lat' dir='ltr'><strong>mnt:</strong></span> <span class='ocrx_word' id='word_1_155' title='bbox 230 2779 300 2827; x_wconf 87' lang='lat' dir='ltr'><strong>cnm</strong></span> <span class='ocrx_word' id='word_1_156' title='bbox 324 2767 428 2828; x_wconf 72' lang='lat' dir='ltr'><strong>numm</strong></span> <span class='ocrx_word' id='word_1_157' title='bbox 451 2768 596 2828; x_wconf 80' lang='lat' dir='ltr'><strong>sanctum</strong></span> <span class='ocrx_word' id='word_1_158' title='bbox 618 2762 660 2827; x_wconf 92' lang='lat' dir='ltr'><strong>sit</strong></span> <span class='ocrx_word' id='word_1_159' title='bbox 680 2762 765 2844; x_wconf 92' lang='lat' dir='ltr'><strong>quod</strong></span> <span class='ocrx_word' id='word_1_160' title='bbox 786 2761 933 2828; x_wconf 86' lang='lat' dir='ltr'><strong>uenerari</strong></span> <span class='ocrx_word' id='word_1_161' title='bbox 955 2768 1108 2843; x_wconf 85' lang='lat' dir='ltr'><strong>oporteat,</strong></span> <span class='ocrx_word' id='word_1_162' title='bbox 1130 2779 1236 2828; x_wconf 90' lang='lat' dir='ltr'><strong>muros</strong></span> 
     </span>
     <span class='ocr_line' id='line_1_20' title="bbox 116 2879 1290 2964; baseline 0.003 -17"><span class='ocrx_word' id='word_1_163' title='bbox 116 2887 150 2947; x_wconf 86' lang='lat' dir='ltr'><strong>et</strong></span> <span class='ocrx_word' id='word_1_164' title='bbox 171 2883 295 2963; x_wconf 88' lang='lat' dir='ltr'><strong>portas,</strong></span> <span class='ocrx_word' id='word_1_165' title='bbox 318 2881 434 2964; x_wconf 85' lang='lat' dir='ltr'><strong>quippe</strong></span> <span class='ocrx_word' id='word_1_166' title='bbox 463 2900 544 2963; x_wconf 91' lang='lat' dir='ltr'><strong>quae</strong></span> <span class='ocrx_word' id='word_1_167' title='bbox 572 2881 604 2945; x_wconf 91' lang='lat' dir='ltr'><strong>in</strong></span> <span class='ocrx_word' id='word_1_168' title='bbox 632 2879 735 2948; x_wconf 88' lang='lat' dir='ltr'><strong>locum</strong></span> <span class='ocrx_word' id='word_1_169' title='bbox 764 2899 871 2947; x_wconf 91' lang='lat' dir='ltr'><strong>eorum</strong></span> <span class='ocrx_word' id='word_1_170' title='bbox 898 2881 952 2964; x_wconf 93' lang='lat' dir='ltr'><strong>qui</strong></span> <span class='ocrx_word' id='word_1_171' title='bbox 981 2880 1107 2947; x_wconf 86' lang='lat' dir='ltr'><strong>maximi</strong></span> <span class='ocrx_word' id='word_1_172' title='bbox 1134 2888 1238 2948; x_wconf 90' lang='lat' dir='ltr'><strong>essent</strong></span> <span class='ocrx_word' id='word_1_173' title='bbox 1255 2898 1290 2950; x_wconf 82' lang='lat' dir='ltr'><strong>no</strong></span> 
     </span>
     <span class='ocr_line' id='line_1_21' title="bbox 62 2999 1238 3080; baseline 0 -15"><span class='ocrx_word' id='word_1_174' title='bbox 62 3029 102 3079; x_wconf 82' lang='lat'><strong>11.</strong></span> <span class='ocrx_word' id='word_1_175' title='bbox 114 2999 252 3068; x_wconf 84' lang='lat' dir='ltr'><strong>faciendi</strong></span> <span class='ocrx_word' id='word_1_176' title='bbox 278 3001 458 3066; x_wconf 87' lang='lat' dir='ltr'><strong>introducta</strong></span> <span class='ocrx_word' id='word_1_177' title='bbox 485 3006 605 3080; x_wconf 87' lang='lat' dir='ltr'><strong>essent,</strong></span> <span class='ocrx_word' id='word_1_178' title='bbox 638 3009 747 3068; x_wconf 88' lang='lat' dir='ltr'><strong>sancta</strong></span> <span class='ocrx_word' id='word_1_179' title='bbox 779 3006 981 3066; x_wconf 88' lang='lat' dir='ltr'><strong>uocanemnt</strong></span> <span class='ocrx_word' id='word_1_180' title='bbox 1043 3003 1092 3064; x_wconf 92' lang='lat' dir='ltr'><strong>ll.</strong></span> <span class='ocrx_word' id='word_1_181' title='bbox 1126 3001 1238 3066; x_wconf 89' lang='lat' dir='ltr'><strong>Restat</strong></span> 
     </span>
     <span class='ocr_line' id='line_1_22' title="bbox 114 3118 1238 3202; baseline 0 -16"><span class='ocrx_word' id='word_1_182' title='bbox 114 3127 152 3186; x_wconf 93' lang='lat' dir='ltr'><strong>ut</strong></span> <span class='ocrx_word' id='word_1_183' title='bbox 181 3119 380 3202; x_wconf 88' lang='lat' dir='ltr'><strong>dispiciamus</strong></span> <span class='ocrx_word' id='word_1_184' title='bbox 408 3119 448 3185; x_wconf 91' lang='lat' dir='ltr'><strong>de</strong></span> <span class='ocrx_word' id='word_1_185' title='bbox 468 3118 509 3185; x_wconf 92' lang='lat' dir='ltr'><strong>iis</strong></span> <span class='ocrx_word' id='word_1_186' title='bbox 532 3120 626 3187; x_wconf 87' lang='lat' dir='ltr'><strong>rebus</strong></span> <span class='ocrx_word' id='word_1_187' title='bbox 655 3137 736 3200; x_wconf 85' lang='lat' dir='ltr'><strong>quae</strong></span> <span class='ocrx_word' id='word_1_188' title='bbox 766 3120 797 3184; x_wconf 95' lang='lat' dir='ltr'><strong>in</strong></span> <span class='ocrx_word' id='word_1_189' title='bbox 824 3120 1017 3202; x_wconf 83' lang='lat' dir='ltr'><strong>singulorum</strong></span> <span class='ocrx_word' id='word_1_190' title='bbox 1045 3119 1238 3202; x_wconf 76' lang='lat' dir='ltr'><strong>proprietate</strong></span> 
     </span>
     <span class='ocr_line' id='line_1_23' title="bbox 112 3238 1238 3322; baseline -0.004 -15"><span class='ocrx_word' id='word_1_191' title='bbox 112 3246 200 3307; x_wconf 86' lang='lat' dir='ltr'><strong>sunt</strong></span> <span class='ocrx_word' id='word_1_192' title='bbox 244 3239 321 3305; x_wconf 85' lang='lat' dir='ltr'><strong>haec</strong></span> <span class='ocrx_word' id='word_1_193' title='bbox 350 3238 492 3322; x_wconf 89' lang='lat' dir='ltr'><strong>pluribus</strong></span> <span class='ocrx_word' id='word_1_194' title='bbox 520 3239 621 3306; x_wconf 88' lang='lat' dir='ltr'><strong>modis</strong></span> <span class='ocrx_word' id='word_1_195' title='bbox 647 3238 680 3303; x_wconf 95' lang='lat' dir='ltr'><strong>in</strong></span> <span class='ocrx_word' id='word_1_196' title='bbox 707 3245 850 3305; x_wconf 88' lang='lat' dir='ltr'><strong>nostmm</strong></span> <span class='ocrx_word' id='word_1_197' title='bbox 878 3239 1065 3322; x_wconf 83' lang='lat' dir='ltr'><strong>rediguntur</strong></span> <span class='ocrx_word' id='word_1_198' title='bbox 1090 3238 1238 3318; x_wconf 86' lang='lat' dir='ltr'><strong>patrimo·</strong></span> 
     </span>
     <span class='ocr_line' id='line_1_24' title="bbox 113 3357 1238 3442; baseline -0.004 -16"><span class='ocrx_word' id='word_1_199' title='bbox 113 3361 218 3426; x_wconf 86' lang='lat' dir='ltr'><strong>niam:</strong></span> <span class='ocrx_word' id='word_1_200' title='bbox 246 3359 443 3442; x_wconf 71' lang='lat' dir='ltr'><strong>quarundam</strong></span> <span class='ocrx_word' id='word_1_201' title='bbox 472 3357 556 3424; x_wconf 86' lang='lat' dir='ltr'><strong>anim</strong></span> <span class='ocrx_word' id='word_1_202' title='bbox 583 3375 687 3424; x_wconf 89' lang='lat' dir='ltr'><strong>rerum</strong></span> <span class='ocrx_word' id='word_1_203' title='bbox 718 3357 887 3424; x_wconf 88' lang='lat' dir='ltr'><strong>dominium</strong></span> <span class='ocrx_word' id='word_1_204' title='bbox 916 3358 1125 3425; x_wconf 79' lang='lat' dir='ltr'><strong>nanciscimur</strong></span> <span class='ocrx_word' id='word_1_205' title='bbox 1146 3365 1238 3423; x_wconf 89' lang='lat' dir='ltr'><strong>natu·</strong></span> 
     </span>
     <span class='ocr_line' id='line_1_25' title="bbox 112 3477 1289 3561; baseline -0.006 -15"><span class='ocrx_word' id='word_1_206' title='bbox 112 3478 175 3546; x_wconf 81' lang='lat' dir='ltr'><strong>reli</strong></span> <span class='ocrx_word' id='word_1_207' title='bbox 196 3480 264 3545; x_wconf 85' lang='lat' dir='ltr'><strong>iure</strong></span> <span class='ocrx_word' id='word_1_208' title='bbox 286 3477 393 3561; x_wconf 88' lang='lat' dir='ltr'><strong>(qnod,</strong></span> <span class='ocrx_word' id='word_1_209' title='bbox 417 3484 453 3544; x_wconf 91' lang='lat' dir='ltr'><strong>ut</strong></span> <span class='ocrx_word' id='word_1_210' title='bbox 475 3477 593 3544; x_wconf 90' lang='lat' dir='ltr'><strong>dictum</strong></span> <span class='ocrx_word' id='word_1_211' title='bbox 615 3484 673 3557; x_wconf 85' lang='lat' dir='ltr'><strong>est,</strong></span> <span class='ocrx_word' id='word_1_212' title='bbox 696 3479 745 3543; x_wconf 90' lang='lat' dir='ltr'><strong>ins</strong></span> <span class='ocrx_word' id='word_1_213' title='bbox 767 3477 906 3560; x_wconf 81' lang='lat' dir='ltr'><strong>gentium</strong></span> <span class='ocrx_word' id='word_1_214' title='bbox 922 3477 1078 3560; x_wconf 86' lang='lat' dir='ltr'><strong>uocatur),</strong></span> <span class='ocrx_word' id='word_1_215' title='bbox 1100 3493 1236 3558; x_wconf 87' lang='lat' dir='ltr'><strong>quamn·</strong></span> <span class='ocrx_word' id='word_1_216' title='bbox 1255 3487 1289 3539; x_wconf 80' lang='lat'><strong>25</strong></span> 
     </span>
     <span class='ocr_line' id='line_1_26' title="bbox 113 3595 1236 3680; baseline -0.002 -16"><span class='ocrx_word' id='word_1_217' title='bbox 113 3600 189 3664; x_wconf 88' lang='lat' dir='ltr'><strong>dam</strong></span> <span class='ocrx_word' id='word_1_218' title='bbox 210 3603 316 3666; x_wconf 86' lang='lat' dir='ltr'><strong>antem</strong></span> <span class='ocrx_word' id='word_1_219' title='bbox 339 3597 502 3679; x_wconf 86' lang='lat' dir='ltr'><strong>suptiliore</strong></span> <span class='ocrx_word' id='word_1_220' title='bbox 525 3604 557 3664; x_wconf 90' lang='lat' dir='ltr'><strong>et</strong></span> <span class='ocrx_word' id='word_1_221' title='bbox 579 3597 662 3664; x_wconf 87' lang='lat' dir='ltr'><strong>ciuili</strong></span> <span class='ocrx_word' id='word_1_222' title='bbox 686 3597 823 3676; x_wconf 79' lang='lat' dir='ltr'><strong>ratione,</strong></span> <span class='ocrx_word' id='word_1_223' title='bbox 854 3615 935 3680; x_wconf 88' lang='lat' dir='ltr'><strong>quae</strong></span> <span class='ocrx_word' id='word_1_224' title='bbox 963 3595 1093 3680; x_wconf 88' lang='lat' dir='ltr'><strong>propria</strong></span> <span class='ocrx_word' id='word_1_225' title='bbox 1114 3603 1163 3663; x_wconf 91' lang='lat' dir='ltr'><strong>est</strong></span> <span class='ocrx_word' id='word_1_226' title='bbox 1190 3615 1236 3662; x_wconf 87' lang='lat' dir='ltr'><strong>ro-</strong></span> 
     </span>
     <span class='ocr_line' id='line_1_27' title="bbox 113 3715 1238 3786; baseline -0.002 -3"><span class='ocrx_word' id='word_1_227' title='bbox 113 3735 287 3784; x_wconf 90' lang='lat' dir='ltr'><strong>manorum.</strong></span> <span class='ocrx_word' id='word_1_228' title='bbox 334 3716 526 3786; x_wconf 87' lang='lat' dir='ltr'><strong>commodius</strong></span> <span class='ocrx_word' id='word_1_229' title='bbox 549 3724 598 3784; x_wconf 85' lang='lat' dir='ltr'><strong>est</strong></span> <span class='ocrx_word' id='word_1_230' title='bbox 619 3735 639 3782; x_wconf 88' lang='lat' dir='ltr'><strong>a</strong></span> <span class='ocrx_word' id='word_1_231' title='bbox 660 3718 834 3784; x_wconf 83' lang='lat' dir='ltr'><strong>uetustiore</strong></span> <span class='ocrx_word' id='word_1_232' title='bbox 855 3718 925 3785; x_wconf 86' lang='lat' dir='ltr'><strong>inre</strong></span> <span class='ocrx_word' id='word_1_233' title='bbox 953 3717 1085 3784; x_wconf 88' lang='lat' dir='ltr'><strong>docendi</strong></span> <span class='ocrx_word' id='word_1_234' title='bbox 1113 3715 1238 3783; x_wconf 90' lang='lat' dir='ltr'><strong>initium</strong></span> 
     </span>
    </p>
   </div>
   <div class='ocr_carea' id='block_1_4' title="bbox 0 0 1500 4884">
    <p class='ocr_par' dir='ltr' id='par_1_4' title="bbox 0 0 1500 4884">
     <span class='ocr_line' id='line_1_28' title="bbox 0 0 1500 4884; baseline 0 2"><span class='ocrx_word' id='word_1_235' title='bbox 0 0 1500 4884; x_wconf 95' lang='lat' dir='ltr'><strong> </strong></span> 
     </span>
    </p>
   </div>
  </div>
 </body>
</html>
