3058 4890
674 437 728 481 ,-
774 401 836 464 214
880 435 923 448 -

243 583 437 671 παρέχεσθαι
474 587 554 670 μετὰ
587 586 747 650 δεκαετίαν
780 585 907 672 ἤγουνῑ)
934 585 1016 670 μετὰ
1045 582 1170 666 ἔκβασιν
1199 589 1254 670 τῆς
1284 584 1372 668 αἰρέ-

245 707 342 762 σεονς,
364 685 383 774 ἢ
405 689 455 752 καλ
481 687 556 752 ἐσθ’
589 690 641 754 ὅτε
669 691 713 776 μὴ
741 689 956 775 δοθησόμενον
984 687 1051 772 εἴγε
1079 690 1098 776 η
1128 688 1248 772 αἵρεσις
1275 686 1368 750 ἀσθε-

246 790 335 876 νηση.
385 789 417 854 τί
438 789 475 853 δὲ
497 790 546 854 ἐπὶ
567 791 706 856 τοιούτου
729 793 864 879 ληγότου
892 792 920 855 ελ
949 791 1069 876 συνέβη
1097 791 1212 864 ζῶντος
1240 787 1294 853 τοῦ
1322 794 1372 856 te-

243 889 384 957 stz'ttoros
418 897 472 956 τοῦ
506 894 724 978 ἐποφείλυντος
756 896 811 981 τὴν
840 895 960 981 ἡμέραν
993 891 1228 976 παραγενέσθαι
1261 890 1280 978 ἢ
1315 892 1371 976 τὴν

213 992 366 1079 ῠαῖρεσιν
395 993 551 1078 ἐξελθεῖν;
581 999 673 1083 φησὶν
697 999 714 1060 ὁ
738 987 965 1079 Ρυρίυίυυὸελ)
983 998 1140 1083 γρησιμον
1163 993 1254 1056 οὐδὲν
1278 992 1371 1077 ἦττον

245 1093 321 1159 εἶναι
343 1099 377 1159 τὸ
400 1096 532 1184 ληγατον
555 1099 605 1162 διὰ
626 1097 663 1162 τδ
677 1097 716 1171 ἐξ
737 1099 838 1184 ἀρχῆς
857 1095 1020 1185 ἐρρῶσθαι
1042 1097 1090 1159 καὶ
1112 1093 1192 1184 ἔχειν
1215 1093 1249 1156 έν
1264 1095 1371 1180 ἑαυτῷ

243 1199 364 1283 κέρδος,
388 1201 467 1285 ὅπερ
498 1201 577 1265 ἐστὶν
600 1199 733 1286 ἀληθές·
763 1199 800 1263 οδ
828 1200 890 1286 γὰρ
919 1199 1089 1284 ἐκράτησεν
1118 1197 1138 1283 τ)
1165 1198 1275 1282 γνώμη
1305 1201 1370 1260 τῶν

243 1303 429 1384 λεγόντωνθ)
452 1303 652 1387 ἀπεσβέσθαι
672 1303 709 1367 τδ
731 1305 872 1390 ληγοίτυν,
896 1301 1003 1388 ἐπειδη
1032 1303 1078 1376 είς
1107 1300 1249 1386 τοιαύτην
1272 1323 1370 1384 παρε-

243 1404 349 1484 γένετο
373 1406 467 1484 τάξιν,
491 1405 529 1480 ἐξ
553 1406 591 1492 ἧς
618 1405 773 1493 ἄρχεσθαι
803 1406 858 1469 οὐκ
887 1405 1032 1492 ηδόνατο.
1083 1403 1151 1466 ίδοδ
1179 1403 1240 1484 γὰρ
1267 1425 1370 1486 παρα-

195 1509 226 1560 10
243 1507 411 1595 γενομένης
435 1512 489 1594 τῆς
510 1507 633 1593 ἡμέρας
654 1507 674 1595 ἢ
697 1508 889 1595 ἐξελθούσης
911 1513 966 1596 τῆς
987 1507 1158 1593 αἱρέσεως,
1181 1505 1284 1589 ρίττου
1308 1505 1368 1568 λοι-

244 1611 300 1672 πὸν
323 1609 496 1693 εὑρίσκεται
518 1612 551 1674 τὸ
577 1611 676 1698 χρέος
705 1613 781 1675 κατὰ
807 1619 861 1674 τὸν
888 1613 996 1694 καιρὸν
1025 1615 1081 1697 τῆς
1106 1611 1164 1672 τοῦ
1190 1605 1368 1673 ίαείόίοτοε

243 1713 396 1798 τελευτῆς.
448 1711 475 1774 ελ
504 1712 541 1776 δέ
570 1734 612 1787 τις
641 1716 676 1777 τὸ
704 1713 743 1788 ἐξ
766 1714 866 1802 ἀργῆς
891 1712 997 1795 Ρίιτωε
1026 1711 1218 1797 ληγατεόση,
1246 1709 1368 1796 εἷρηκα·

241 1813 330 1894 μενί)
350 1814 395 1899 μὴ
418 1813 581 1899 ἐρρῶσθαι
605 1816 639 1879 τό
661 1817 809 1903 ληγότον,
839 1815 976 1882 ἐνταῦθα
1003 1816 1040 1879 δὲ
1069 1813 1222 1898 ἔρρωται,
1258 1813 1367 1898 ἐπειδὴ

244 1915 403 1979 συνίστατο
426 1919 480 2004 τὴν
502 1918 613 2007 ἀρχήν.
639 1922 688 1985 15.
710 1918 961 2005 8)’Υπεδεξα’μην
984 1919 1047 2000 έγῶ
1070 1920 1182 2002 προῖκα
1204 1918 1290 2001 παρὰ
1302 1919 1370 2002 ’τῆς
1382 1925 1423 1976 16.

194 2032 224 2083 15
242 2018 378 2101 ἐμαυτοῦ
387 2020 413 2102 ⁶)
436 2025 588 2107 γαμετῆς·
612 2027 806 2096 συνεστῶτος
828 2020 872 2085 ἔτι
895 2025 947 2085 τοῦ
970 2023 1091 2104 γάμου,
1119 2019 1271 2084 τελευτῶν
1299 2018 1367 2105 ἐλη-

242 2121 378 2202 γοίτευσα
401 2119 480 2208 αὐτῇ
500 2125 555 2209 τὴν
578 2127 699 2208 προῖκα.
745 2123 883 2209 ἔρρωται
905 2127 940 2187 τό
963 2125 1105 2211 ληγότον.
1130 2122 1283 2206 κερδαίνει
1305 2124 1367 2208 γὰρ

240 2224 399 2310 μόλλονη
427 2223 502 2310 γυνη
532 2226 704 2290 ἀπαιτοῦσα
734 2229 771 2290 τὰ
800 2229 965 2311 πράγματα
1001 2227 1045 2300 ῶς
1071 2225 1237 2311 ληγότονθ)
1267 2223 1287 2311 ἢ
1321 2227 1367 2300 ῶς
1417 2253 1422 2263 ·

242 2326 303 2389 ἀπὸ
327 2327 461 2413 προικός,
486 2326 603 2415 ἐπειδὴ,
628 2331 672 2403 ῶς
695 2327 838 2418 ἔχομενῗ)
859 2328 982 2411 μαθεῖν,
1006 2327 1062 2415 ολιγ
1084 2329 1149 2412 ἅμα
1172 2329 1209 2413 τῇ
1231 2327 1367 2390 διαλύσει

243 2432 296 2493 τοῦ
319 2431 420 2513 γόμου
450 2431 499 2494 ἀεί
528 2431 547 2516 η
577 2433 673 2516 προῖξ
698 2432 898 2512 ἀποδίδοται,
930 2434 966 2495 τὸ
993 2431 1029 2494 δὲ
1055 2431 1189 2516 ληγότον
1218 2428 1366 2492 ἐντεῦθεν

191 2539 226 2591 20
243 2529 304 2618 ἤδη
326 2533 562 2616 καταβάλλεται.
608 2533 637 2597 τί
665 2533 719 2598 οὖν
749 2537 796 2598 ότι
823 2539 935 2620 προῖκα
961 2534 1005 2619 μὴ
1033 2531 1269 2614 ὑποδεξάμενος
1298 2531 1366 2616 ἐλη-

242 2627 380 2716 γυίτευσα
404 2641 517 2720 προῖκα
539 2661 577 2724 τη
599 2637 659 2724 ἐμῇ
680 2641 816 2724 γαμετῇ;
844 2636 992 2723 Σεβῆρος
1020 2637 1068 2698 καλ
1095 2632 1259 2708 Ἀντονῖνος
1282 2634 1367 2698 ἀντέ-

241 2743 368 2821 γραψαν
390 2736 419 2801 εἲ
440 2738 498 2824 μὲν
522 2739 734 2822 ἀπλοόστερον
756 2739 938 2826 ληγατεόσιυ
961 2737 1060 2818 (εἷπον
1083 2737 1144 2822 γὰρ
1172 2738 1218 2799 ότι
1247 2737 1366 2823 ληγο-

241 2837 337 2902 τεόιο
361 2841 402 2926 τῇ
423 2840 581 2922 γυναικί
605 2864 681 2926 μου
708 2842 775 2927 την
802 2845 947 2925 προῖκα
969 2841 1011 2926 ἣν
1035 2837 1258 2902 ἐπιδέδωκέ
1279 2839 1364 2920 μοι)

239 2938 397 3028 ἄχρηστον
418 2945 454 3006 τδ
476 2945 623 3030 ληγάτον·
646 2945 738 3010 οὐδὲν
767 2945 828 3028 γὰρ
851 2942 1021 3007 ἐπιδέδωκέ
1048 2965 1102 3023 μοι
1131 2940 1180 3004 καὶ
1206 2939 1365 3027 ἅδηλοςὶγ

190 3047 224 3099 25
242 3043 386 3132 ποσότης.
431 3045 458 3110 εί
478 3046 546 3130 δὲῧ)
570 3051 712 3133 φανερῶς
733 3045 893 3132 ἐμνήσθην
925 3045 1095 3130 ποσότητος
1124 3041 1223 3126 (εἷπον
1252 3044 1363 3128 γὰρθ)

239 3145 283 3209 τὰ
315 3145 450 3211 ἑκατὸν
485 3151 726 3234 νομίσματα,
766 3149 787 3210 δ
820 3149 919 3233 λόγῳ
952 3148 1114 3233 προικὸς
1148 3145 1364 3209 ἐπιδέδωκέ

237 3273 303 3330 μοι
324 3249 526 3334 ληγατεόυν
555 3250 691 3337 αότῇῆ
720 3251 769 3314 καὶ
796 3252 902 3339 τυγδν,
934 3251 1049 3313 τόνδε
1079 3251 1144 3313 τὸν
1172 3250 1295 3332 ἀγρόν
1323 3247 1362 3309 δν

239 3350 451 3417 ἐπιδέδωκέ
471 3376 535 3438 μοι
556 3355 756 3439 ληγατεόον
785 3354 918 3440 αὐτῇ),
941 3353 1067 3442 λογυρδν
1094 3354 1129 3415 τὸ
1155 3351 1299 3436 ληγοίτον.
1343 3347 1362 3434 ἢ

237 3453 294 3517 κᾶν
321 3453 415 3517 είπιυ·
443 3456 486 3518 τὰ
514 3457 782 3542 περιεχόμενα
810 3459 862 3543 τῷ
896 3455 1079 3543 προικῴῳ
1109 3453 1362 3538 γραμματείῳ

187 3553 443 3640 δθληγατεόω
472 3556 580 3644 αὐτη,
608 3560 658 3622 καὶ
687 3557 790 3634 οὕτως
818 3559 915 3648 ίσγύει
943 3561 978 3623 τὸ
1008 3560 1150 3644 ληγότυν.
1198 3559 1247 3622 16.
1285 3555 1362 3620 θλκέ·
1375 3572 1414 3623 16.

306 3747 328 3811 ¹)
346 3746 364 3814 ἢ
381 3744 424 3801 ad.
442 3743 493 3798 M.:
513 3759 574 3798 mox
591 3743 662 3809 μετὰ
680 3745 729 3815 τὴν
749 3748 797 3812 τῆς
815 3744 870 3812 αίρ.
890 3743 947 3810 ἔκβ.
966 3744 1017 3797 11⁶.
1119 3743 1142 3810 ἱ)
1160 3742 1292 3811 papianbs
1310 3742 1358 3795 111.

237 3829 372 3890 παπιανὸς
389 3830 427 3883 Μ.
556 3829 580 3896 ³)
598 3831 715 3894 νομικῶν
734 3829 779 3883 ad.
796 3829 839 3884 vi.
858 3829 889 3882 F.
908 3828 953 3884 B.:
973 3827 1036 3883 dedi
1054 3842 1088 3882 ex
1106 3828 1143 3882 M
1162 3831 1213 3880 cet.
1230 3825 1301 3894 ὅπερ
1318 3828 1361 3878 καλ

236 3915 315 3984 όληθ.
333 3915 391 3969 ἐστ.
408 3914 473 3966 οὐδὲ
489 3932 512 3967 κ.
532 3931 556 3967 τ.
575 3914 598 3967 λ.
673 3915 697 3978 4)
714 3915 769 3981 γὰρ
786 3912 829 3968 ad.
848 3915 886 3968 Μ.
955 3916 979 3981 ⁵)
997 3915 1063 3982 ἐμῆς
1081 3914 1123 3968 vi.
1141 3912 1176 3968 R.
1249 3913 1274 3981 ⁶)
1292 3930 1361 3965 -τα

236 4001 285 4055 m.
303 4000 345 4054 vi.
366 3998 400 4054 R,
477 3996 613 4065 τγτεομεν
632 3998 666 4067 ο.
686 3997 718 4051 υ.
822 3998 1078 4063 νγιαιοωυιωω
1097 3996 1138 4053 τι
1156 3997 1189 4051 α
1277 3997 1361 4062 ητα

236 4084 289 4140 Est.
306 4084 348 4138 Vi·
366 4085 400 4140 R·

191 4187 193 4192 '
304 4189 331 4254 a)
348 4187 409 4256 Epi.
426 4189 468 4254 ³7,
487 4190 528 4242 99.
