3096 4890
599 393 810 458 ...12-

142 587 193 646 tus
216 581 400 646 relationem
423 581 463 646 de
484 583 619 663 quadam
643 600 677 646 re
698 580 846 662 ambigua
868 579 992 646 iactam
1042 585 1078 646 ut
1092 553 1176 647 ⁴ecca
1198 599 1268 648 cum

140 697 172 762 in
188 699 326 780 quadam
347 700 511 783 prouincia
533 707 617 765 esset
638 699 710 783 quis
732 707 884 777 mortuus,
908 700 970 767 duo
993 699 1033 767 de
1055 698 1124 768 aius
1146 699 1269 768 heredi·

141 823 206 882 tate
229 821 475 899 contendebant,
498 820 596 886 frater
624 828 828 903 patruusque.
880 821 991 887 horum
1021 821 1103 886 enim
1132 827 1267 905 uterque

139 938 226 1004 solus
248 940 340 1006 heres
362 960 432 1008 esse
453 941 590 1008 uolebat.
639 959 772 1024 cumque
801 938 852 1007 lex
880 959 941 1006 nou
968 948 1069 1022 esset,
1096 960 1160 1024 qua
1186 942 1267 1009 eius·

139 1057 225 1125 modi
248 1060 448 1125 dirimeretur
468 1059 693 1133 controuersia,
715 1059 825 1126 relatio
848 1060 888 1126 ad
915 1060 1085 1142 principem
1113 1060 1196 1128 lacta
1218 1069 1266 1128 est
1300 1057 1317 1111 5

139 1197 159 1241 a
179 1179 361 1260 prouinciae
383 1184 514 1244 rectore.
538 1196 631 1260 quam
655 1178 837 1244 relationem
860 1196 930 1244 cum
960 1178 1105 1260 princeps
1127 1177 1264 1262 legisset,

139 1299 302 1378 rescripsit
322 1300 451 1365 fratrem
475 1306 587 1380 patruo
609 1299 869 1380 anteponendum.
900 1298 970 1362 iura
992 1298 1098 1364 condit
1119 1299 1265 1382 princeps

139 1419 233 1482 etiam
258 1417 431 1485 decreto.
468 1418 544 1500 quid
566 1425 615 1484 est
637 1425 744 1483 autem
767 1417 952 1483 decretum?
973 1418 1128 1482 sententia
1150 1419 1264 1498 princi-

138 1541 185 1622 pis
207 1540 293 1605 iuter
315 1541 394 1605 duas
416 1545 522 1622 partes
544 1539 629 1621 apud
652 1557 723 1604 eum
738 1537 899 1618 litigantes
918 1537 994 1610 lata,
1016 1534 1115 1602 ueluti
1130 1540 1162 1602 iu
1185 1540 1265 1605 eius·

137 1659 222 1726 modi
244 1679 330 1725 casu.
374 1667 497 1724 mortuo
520 1659 670 1739 quodam,
699 1659 762 1724 duo
785 1658 824 1722 de
846 1658 914 1722 eius
936 1656 1109 1723 hereditate
1138 1666 1315 1726 conten-10

138 1782 264 1859 debant,
287 1780 387 1846 irater
407 1799 518 1862 nempe
540 1785 572 1846 et
594 1786 726 1860 patruus
749 1777 897 1856 defuncti,
921 1785 991 1841 uter
1013 1777 1132 1843 scilicet
1155 1801 1261 1846 eorum

137 1903 242 1983 potior
263 1903 294 1966 in
318 1903 514 1970 successione
535 1908 619 1968 esset
641 1901 813 1967 habendus.
835 1900 979 1982 princeps
1001 1918 1071 1965 cum
1094 1907 1263 1985 utrumque

138 2021 288 2102 audisset,
311 2022 423 2088 statuit
444 2022 573 2088 fratrem
596 2018 848 2104 anteponendum
879 2028 911 2085 et
940 2020 971 2084 id
999 2037 1124 2103 quoque
1150 2022 1261 2102 prioci-

138 2138 217 2218 palis
239 2143 421 2206 constitutio
443 2149 502 2206 est.
536 2141 651 2206 dicitur
674 2160 749 2206 uero
772 2142 931 2207 decretum
955 2160 974 2206 a
997 2141 1260 2222 decernendo,

136 2259 156 2322 i.
180 2280 207 2325 e.
231 2261 395 2343 dispicere.
429 2279 500 2326 cum
523 2263 604 2326 enim
627 2262 753 2343 proprio
775 2260 891 2326 iudicio
913 2279 979 2327 rem
1002 2262 1310 2338 considerauerit,1s

136 2380 219 2460 quod
247 2378 308 2444 sibi
331 2381 447 2445 iustum
472 2379 620 2444 uideatur
641 2379 834 2460 pronuntiat.
886 2381 1001 2447 dicitur
1031 2381 1178 2446 similiter
1201 2381 1260 2446 de·

136 2506 286 2563 cretum
306 2505 338 2564 et
353 2501 556 2580 magistratus
579 2500 743 2573 sententia,
766 2507 814 2565 set
836 2518 873 2566 eo
897 2499 1045 2566 differunt
1067 2502 1150 2581 quod
1173 2501 1257 2583 prin-

136 2619 213 2698 cipis
242 2618 403 2684 decretum
425 2626 622 2700 praesentem
645 2625 677 2684 et
704 2626 826 2686 ceteras
848 2619 881 2684 id
903 2638 1003 2701 genus
1025 2619 1258 2685 controuersias

137 2740 270 2812 dirimit,
296 2740 501 2821 magistratus
524 2759 599 2806 uero
622 2748 818 2822 praesentem
840 2741 1072 2818 tantummodo,
1102 2738 1259 2805 interdum

135 2867 242 2924 autem
265 2866 522 2941 repraesentem
552 2860 691 2943 quidem,
722 2860 865 2941 quotiens
888 2876 999 2940 nempe
1020 2858 1188 2940 appellatio
1210 2877 1256 2924 se·
1276 2870 1309 2920 aa

135 2986 262 3059 quatur.
291 2998 348 3060 per
370 2981 505 3045 edictum
529 2997 653 3062 quoque
676 2979 726 3044 ius
749 2978 914 3044 constituit
935 2981 1089 3062 princeps.
1113 2980 1186 3061 quid
1211 2987 1259 3044 est

136 3116 210 3164 vero
227 3097 385 3163 edictum?
407 3098 561 3181 quidquid
584 3107 696 3179 suapte
719 3107 832 3164 natura
855 3106 959 3164 motus
980 3101 1127 3183 princeps
1151 3097 1258 3164 definit

135 3219 175 3284 ad
197 3218 394 3283 subditorum
417 3220 512 3285 decus
535 3227 568 3284 et
590 3220 794 3283 commodum.
818 3218 933 3286 dicitur
955 3225 1060 3285 autem
1084 3219 1256 3286 edictum

135 3339 181 3403 ab
204 3338 406 3415 edicendo,
429 3339 488 3404 hoc
508 3343 557 3405 est
572 3340 751 3422 praedicere
766 3346 861 3420 atque
876 3341 1061 3424 praeuenire
1083 3357 1164 3420 quae
1186 3342 1258 3407 sula

136 3456 210 3522 ditis
222 3457 391 3523 uideantur
402 3457 596 3524 calamitates
609 3459 812 3525 obueuturae.
829 3477 922 3539 saepe
934 3461 1014 3525 euim
1026 3465 1138 3541 sponte
1148 3478 1258 3542 coguo-
1276 3469 1309 3522 25

137 3579 183 3644 uit
210 3580 354 3662 princeps
382 3577 509 3662 aliquod
539 3579 670 3644 absurdi
696 3579 780 3661 apud
810 3580 952 3645 subditos
981 3597 1055 3646 suos
1082 3597 1152 3645 esse
1172 3599 1256 3648 rece·
