3096 4890
623 384 835 448 ..19..

91 644 95 650 ,
164 571 276 638 uentio
286 570 474 637 seruitutem
488 568 672 636 introduxit.
694 569 745 635 ins
760 570 842 635 enim
859 568 931 636 belli
945 570 978 635 in
993 573 1181 653 potestatem
1196 568 1297 636 nicto·

119 706 145 758 a.
164 709 238 758 rum
260 692 362 759 uictos
383 689 490 756 tradit
517 689 547 756 3.
570 687 663 755 Serui
685 694 790 754 autem
813 709 851 758 ex
873 709 910 756 eo
933 693 1008 755 sunt
1028 689 1188 772 appellati,
1211 687 1295 770 quod

164 813 374 891 imperatores
403 809 546 889 captiuos
576 826 655 892 qnos
684 808 822 876 uendere
853 809 971 875 uellent
997 809 1169 878 seruabant
1195 826 1297 890 nequa

166 927 269 997 occidi
293 930 450 998 sinebant¹
491 929 740 995 asernando
768 928 869 1011 igitur
896 932 1005 997 scrut
1033 933 1108 997 sunt
1137 927 1296 1011 appellati,

165 1051 223 1134 qui
245 1049 341 1116 etiam
363 1048 561 1130 mancipia
583 1048 657 1116 dicti
679 1055 754 1116 sunt
776 1049 852 1130 qnia
874 1050 927 1128 [ab
950 1047 1107 1126 hostibus]
1130 1064 1226 1111 manu
1247 1065 1299 1111 ca·
1330 1055 1348 1107 a

121 1183 146 1234 4.
165 1169 308 1252 piuntur.
352 1167 382 1234 4.
418 1166 511 1235 Serui
525 1174 631 1236 autem
654 1175 711 1234 ant
737 1173 911 1234 nascuntur
940 1173 997 1233 aut
1025 1165 1113 1233 finnt.
1165 1184 1297 1232 nascun-

165 1294 221 1354 tur
242 1287 298 1368 qui
319 1305 358 1352 ex
378 1284 495 1356 nostrie
517 1287 691 1367 gignuntur
712 1283 850 1364 ancillis,
872 1283 953 1350 fiunt
974 1284 1044 1350 iure
1065 1284 1223 1366 gentium,
1250 1285 1297 1349 id·

166 1413 217 1474 est
239 1427 278 1472 ex
307 1408 508 1490 confinitate,
538 1413 596 1473 ant
620 1408 690 1473 inre
719 1405 822 1488 ciuili,
856 1425 927 1472 cnm
959 1405 1053 1470 homo
1086 1405 1165 1472 iiber
1198 1403 1297 1469 maior

165 1529 256 1598 XXV
285 1547 438 1596 annornm
468 1529 510 1595 ad
538 1529 674 1611 pretium
702 1527 954 1611 participandum
976 1545 1046 1593 sese
1068 1525 1176 1591 uenire
1198 1523 1296 1608 patia-

168 1658 230 1718 tur.
272 1647 374 1716 ueluti
396 1648 425 1713 ci
447 1648 570 1714 cuidam
593 1647 743 1714 suadeam
767 1654 803 1713 ut
824 1665 874 1713 me
895 1647 956 1712 XX
977 1646 1091 1722 aureis,
1113 1645 1203 1711 uerbi
1225 1663 1296 1727 gra·
1315 1633 1350 1686 ¹⁰

168 1770 216 1837 tin
237 1771 370 1847 nendat,
391 1775 425 1834 et
446 1769 513 1852 ipse
535 1768 661 1848 quidem
687 1765 713 1832 V
734 1768 822 1835 lucro
844 1767 976 1846 habeat,
1005 1765 1081 1831 mihi
1103 1772 1209 1832 antem
1232 1761 1297 1827 XV

168 1891 330 1976 praebeat
375 1891 429 1970 qni
459 1889 542 1957 enim
564 1890 596 1956 id
619 1888 714 1956 faciat
736 1889 862 1972 proprio
884 1905 1082 1954 romanorum
1113 1885 1182 1951 iure
1205 1885 1297 1952 liher-

167 2016 267 2079 tntem
302 2009 435 2088 amittit,
470 2026 564 2095 quam
596 2008 766 2090 ignominia
799 2007 930 2085 adfecit,
963 2025 1002 2072 ea
1031 2023 1103 2070 sese
1134 2004 1296 2087 indignum

169 2129 340 2196 ostendens
362 2134 395 2194 et
416 2128 599 2194 facultatem
622 2127 695 2192 inde
722 2126 783 2193 sibi
805 2133 1033 2209 competentem
1062 2124 1217 2203 abiciens,
1241 2120 1297 2187 uili

123 2270 151 2322 n.
169 2253 300 2332 accepto
327 2267 415 2314 auro.
464 2247 493 2313 5.
527 2247 570 2313 Et
598 2265 762 2313 seruorum
792 2245 919 2326 quidem
949 2242 1089 2311 condicio
1111 2243 1227 2309 nullam
1250 2261 1298 2307 re·
1317 2237 1349 2289 ¹⁶

169 2369 247 2452 cipit
271 2369 470 2447 diuisionem,
498 2387 560 2434 non
583 2369 665 2433 enim
688 2365 796 2432 doeio
825 2365 885 2432 dici
913 2369 1018 2449 potest
1042 2363 1164 2429 »minue
1186 2363 1298 2444 plusne

170 2507 315 2558 semum.
370 2495 419 2554 est
452 2489 550 2570 igitur
584 2487 748 2554 indiuidua
780 2488 928 2554 seruitus.
982 2487 1016 2552 in
1047 2485 1155 2554 liberis
1189 2490 1298 2550 contra

169 2610 279 2692 plnres
301 2609 496 2676 differentias
516 2609 798 2693 deprehendimuo3
819 2615 877 2674 ant
899 2607 981 2676 enim
996 2606 1125 2690 ingenui
1146 2609 1221 2671 ennt
1241 2609 1299 2669 aut

168 2727 319 2795 libertini.
