<?xml version="1.0" encoding="UTF-8"?>
<!DOCTYPE html PUBLIC "-//W3C//DTD XHTML 1.0 Transitional//EN"
    "http://www.w3.org/TR/xhtml1/DTD/xhtml1-transitional.dtd">
<html xmlns="http://www.w3.org/1999/xhtml" xml:lang="en" lang="en">
 <head>
  <title>
</title>
<meta http-equiv="Content-Type" content="text/html;charset=utf-8" />
  <meta name='ocr-system' content='tesseract 3.04.00' />
  <meta name='ocr-capabilities' content='ocr_page ocr_carea ocr_par ocr_line ocrx_word'/>
</head>
<body>
  <div class='ocr_page' id='page_1' title='image "./institutionumgr00linggoog_0444.png"; bbox 0 0 3078 4882; ppageno 0'>
   <div class='ocr_carea' id='block_1_1' title="bbox 687 402 918 466">
    <p class='ocr_par' dir='ltr' id='par_1_1' title="bbox 687 402 918 466">
     <span class='ocr_line' id='line_1_1' title="bbox 687 402 918 466; baseline 0.026 -6"><span class='ocrx_word' id='word_1_1' title='bbox 687 402 918 466; x_wconf 81' lang='lat'>..206-</span> 
     </span>
    </p>
   </div>
   <div class='ocr_carea' id='block_1_2' title="bbox 570 688 1035 772">
    <p class='ocr_par' dir='ltr' id='par_1_2' title="bbox 570 688 1035 772">
     <span class='ocr_line' id='line_1_2' title="bbox 570 688 1035 772; baseline 0 -20"><span class='ocrx_word' id='word_1_2' title='bbox 570 688 617 752; x_wconf 83' lang='lat' dir='ltr'><em>De</em></span> <span class='ocrx_word' id='word_1_3' title='bbox 639 688 763 772; x_wconf 71' lang='lat' dir='ltr'><strong>legatis.</strong></span> <span class='ocrx_word' id='word_1_4' title='bbox 771 691 795 771; x_wconf 81' lang='grc' dir='ltr'><em>ι)</em></span> <span class='ocrx_word' id='word_1_5' title='bbox 839 688 962 753; x_wconf 81' lang='lat' dir='ltr'><strong>Titulus</strong></span> <span class='ocrx_word' id='word_1_6' title='bbox 984 689 1035 752; x_wconf 78' lang='lat'><em>20.</em></span> 
     </span>
    </p>
   </div>
   <div class='ocr_carea' id='block_1_3' title="bbox 193 841 1529 3382">
    <p class='ocr_par' dir='ltr' id='par_1_3' title="bbox 241 841 1366 1236">
     <span class='ocr_line' id='line_1_3' title="bbox 329 841 1366 928; baseline -0.004 -22"><span class='ocrx_word' id='word_1_7' title='bbox 329 843 413 906; x_wconf 84' lang='grc' dir='ltr'><em>Μετὰ</em></span> <span class='ocrx_word' id='word_1_8' title='bbox 446 842 500 927; x_wconf 74' lang='grc' dir='ltr'><em>τὴν</em></span> <span class='ocrx_word' id='word_1_9' title='bbox 536 845 606 926; x_wconf 78' lang='grc' dir='ltr'><em>περὶ</em></span> <span class='ocrx_word' id='word_1_10' title='bbox 644 841 802 928; x_wconf 81' lang='grc' dir='ltr'><em>διαδηκῶν</em></span> <span class='ocrx_word' id='word_1_11' title='bbox 827 841 1038 906; x_wconf 78' lang='grc' dir='ltr'><em>,διδασκαλίαν</em></span> <span class='ocrx_word' id='word_1_12' title='bbox 1071 841 1236 922; x_wconf 78' lang='grc' dir='ltr'><em>ἀναγκαῖον</em></span> <span class='ocrx_word' id='word_1_13' title='bbox 1270 842 1366 904; x_wconf 82' lang='grc' dir='ltr'><em>εἰπεῖν</em></span> 
     </span>
     <span class='ocr_line' id='line_1_4' title="bbox 243 941 1366 1032; baseline -0.004 -24"><span class='ocrx_word' id='word_1_14' title='bbox 243 947 319 1027; x_wconf 80' lang='grc' dir='ltr'><em>περὶΙ</em></span> <span class='ocrx_word' id='word_1_15' title='bbox 345 943 527 1032; x_wconf 54' lang='grc' dir='ltr'><em>ληγότωνδ)</em></span> <span class='ocrx_word' id='word_1_16' title='bbox 584 943 654 1006; x_wconf 75' lang='grc' dir='ltr'><em>ἀλλ’</em></span> <span class='ocrx_word' id='word_1_17' title='bbox 683 942 746 1032; x_wconf 78' lang='grc' dir='ltr'><em>ἔχει</em></span> <span class='ocrx_word' id='word_1_18' title='bbox 780 966 823 1018; x_wconf 84' lang='grc' dir='ltr'><em>τις</em></span> <span class='ocrx_word' id='word_1_19' title='bbox 853 944 945 1008; x_wconf 76' lang='grc' dir='ltr'><em>εἰπεῖν</em></span> <span class='ocrx_word' id='word_1_20' title='bbox 975 945 1027 1008; x_wconf 85' lang='grc' dir='ltr'><em>τὸν</em></span> <span class='ocrx_word' id='word_1_21' title='bbox 1055 945 1146 1005; x_wconf 84' lang='grc' dir='ltr'><em>τοῦτο</em></span> <span class='ocrx_word' id='word_1_22' title='bbox 1177 941 1366 1028; x_wconf 78' lang='grc' dir='ltr'><em>πεποιηκότα</em></span> 
     </span>
     <span class='ocr_line' id='line_1_5' title="bbox 241 1043 1366 1134; baseline -0.004 -24"><span class='ocrx_word' id='word_1_23' title='bbox 241 1049 296 1133; x_wconf 78' lang='grc' dir='ltr'><em>την</em></span> <span class='ocrx_word' id='word_1_24' title='bbox 319 1045 477 1134; x_wconf 74' lang='grc' dir='ltr'><em>συνέχειαν</em></span> <span class='ocrx_word' id='word_1_25' title='bbox 505 1045 648 1130; x_wconf 77' lang='grc' dir='ltr'><em>διακόῴαι</em></span> <span class='ocrx_word' id='word_1_26' title='bbox 676 1050 730 1131; x_wconf 80' lang='grc' dir='ltr'><em>τῆς</em></span> <span class='ocrx_word' id='word_1_27' title='bbox 758 1046 975 1118; x_wconf 82' lang='grc' dir='ltr'><em>διδασκαλίας·</em></span> <span class='ocrx_word' id='word_1_28' title='bbox 1015 1045 1177 1131; x_wconf 78' lang='grc' dir='ltr'><em>προέκειτο</em></span> <span class='ocrx_word' id='word_1_29' title='bbox 1203 1045 1265 1127; x_wconf 84' lang='grc' dir='ltr'><em>γὰρ</em></span> <span class='ocrx_word' id='word_1_30' title='bbox 1294 1043 1366 1127; x_wconf 85' lang='grc' dir='ltr'><em>ἐφε-</em></span> 
     </span>
     <span class='ocr_line' id='line_1_6' title="bbox 243 1141 1365 1236; baseline -0.004 -23"><span class='ocrx_word' id='word_1_31' title='bbox 243 1151 300 1236; x_wconf 78' lang='grc' dir='ltr'><em>ξῆς</em></span> <span class='ocrx_word' id='word_1_32' title='bbox 323 1151 417 1214; x_wconf 74' lang='grc' dir='ltr'><em>εἰπεῖν</em></span> <span class='ocrx_word' id='word_1_33' title='bbox 427 1150 453 1231; x_wconf 80' lang='lat'><em>³)</em></span> <span class='ocrx_word' id='word_1_34' title='bbox 479 1151 549 1232; x_wconf 80' lang='grc' dir='ltr'><em>περὶ</em></span> <span class='ocrx_word' id='word_1_35' title='bbox 576 1154 639 1212; x_wconf 84' lang='grc' dir='ltr'><em>τῶν</em></span> <span class='ocrx_word' id='word_1_36' title='bbox 667 1147 833 1232; x_wconf 80' lang='grc' dir='ltr'><em>καδομιίδα</em></span> <span class='ocrx_word' id='word_1_37' title='bbox 864 1150 999 1234; x_wconf 76' lang='grc' dir='ltr'><em>κτησειον</em></span> <span class='ocrx_word' id='word_1_38' title='bbox 1029 1149 1075 1210; x_wconf 80' lang='grc' dir='ltr'><em>καί</em></span> <span class='ocrx_word' id='word_1_39' title='bbox 1103 1145 1177 1211; x_wconf 90' lang='grc' dir='ltr'><em>δέον</em></span> <span class='ocrx_word' id='word_1_40' title='bbox 1204 1141 1365 1224; x_wconf 58' lang='grc' dir='ltr'><em>εἰπόνταί)</em></span> 
     </span>
    </p>

    <p class='ocr_par' dir='ltr' id='par_1_4' title="bbox 193 1247 1529 3382">
     <span class='ocr_line' id='line_1_7' title="bbox 208 1247 1366 1336; baseline -0.005 -21"><span class='ocrx_word' id='word_1_41' title='bbox 208 1252 312 1334; x_wconf 74' lang='grc' dir='ltr'><em>ὅπερῖ</em></span> <span class='ocrx_word' id='word_1_42' title='bbox 335 1256 389 1336; x_wconf 78' lang='grc' dir='ltr'><em>τῆς</em></span> <span class='ocrx_word' id='word_1_43' title='bbox 411 1252 471 1313; x_wconf 75' lang='grc' dir='ltr'><em>ἀπὸ</em></span> <span class='ocrx_word' id='word_1_44' title='bbox 495 1249 646 1335; x_wconf 72' lang='grc' dir='ltr'><em>διαθήκης</em></span> <span class='ocrx_word' id='word_1_45' title='bbox 675 1247 936 1335; x_wconf 78' lang='grc' dir='ltr'><em>καταφερομένης</em></span> <span class='ocrx_word' id='word_1_46' title='bbox 964 1250 1170 1334; x_wconf 82' lang='grc' dir='ltr'><em>κληρονομίας</em></span> <span class='ocrx_word' id='word_1_47' title='bbox 1198 1249 1366 1330; x_wconf 71' lang='grc' dir='ltr'><em>ἐπαγαγεῖν</em></span> 
     </span>
     <span class='ocr_line' id='line_1_8' title="bbox 244 1351 1366 1440; baseline -0.001 -26"><span class='ocrx_word' id='word_1_48' title='bbox 244 1351 367 1429; x_wconf 79' lang='grc' dir='ltr'><em>είιδέιος</em></span> <span class='ocrx_word' id='word_1_49' title='bbox 387 1353 437 1416; x_wconf 84' lang='grc' dir='ltr'><em>καί</em></span> <span class='ocrx_word' id='word_1_50' title='bbox 460 1354 531 1435; x_wconf 81' lang='grc' dir='ltr'><em>περὶ</em></span> <span class='ocrx_word' id='word_1_51' title='bbox 555 1357 610 1440; x_wconf 76' lang='grc' dir='ltr'><em>τῆς</em></span> <span class='ocrx_word' id='word_1_52' title='bbox 632 1353 668 1424; x_wconf 74' lang='grc' dir='ltr'><em>ἐξ</em></span> <span class='ocrx_word' id='word_1_53' title='bbox 687 1351 856 1416; x_wconf 84' lang='grc' dir='ltr'><em>ἁδιαδέτοο</em></span> <span class='ocrx_word' id='word_1_54' title='bbox 881 1354 927 1415; x_wconf 84' lang='grc' dir='ltr'><em>καί</em></span> <span class='ocrx_word' id='word_1_55' title='bbox 946 1352 1048 1429; x_wconf 77' lang='grc' dir='ltr'><em>οὕτως</em></span> <span class='ocrx_word' id='word_1_56' title='bbox 1063 1355 1164 1436; x_wconf 57' lang='grc' dir='ltr'><em>περίί)</em></span> <span class='ocrx_word' id='word_1_57' title='bbox 1189 1357 1250 1416; x_wconf 82' lang='grc' dir='ltr'><em>τῶν</em></span> <span class='ocrx_word' id='word_1_58' title='bbox 1266 1353 1366 1416; x_wconf 87' lang='grc' dir='ltr'><em>λειπο-</em></span> 
     </span>
     <span class='ocr_line' id='line_1_9' title="bbox 240 1443 1487 1542; baseline 0.004 -26"><span class='ocrx_word' id='word_1_59' title='bbox 240 1453 347 1536; x_wconf 84' lang='grc' dir='ltr'><em>μένων</em></span> <span class='ocrx_word' id='word_1_60' title='bbox 369 1453 473 1518; x_wconf 81' lang='grc' dir='ltr'><em>ἐλδεῖν</em></span> <span class='ocrx_word' id='word_1_61' title='bbox 495 1455 544 1517; x_wconf 79' lang='grc' dir='ltr'><em>ἐπὶ</em></span> <span class='ocrx_word' id='word_1_62' title='bbox 564 1454 600 1517; x_wconf 87' lang='grc' dir='ltr'><em>τδ</em></span> <span class='ocrx_word' id='word_1_63' title='bbox 623 1457 770 1542; x_wconf 81' lang='grc' dir='ltr'><em>ληγότον,</em></span> <span class='ocrx_word' id='word_1_64' title='bbox 800 1457 880 1539; x_wconf 76' lang='grc' dir='ltr'><em>ὅπερ</em></span> <span class='ocrx_word' id='word_1_65' title='bbox 911 1455 987 1541; x_wconf 83' lang='grc' dir='ltr'><em>ίδικὴ</em></span> <span class='ocrx_word' id='word_1_66' title='bbox 1017 1456 1121 1541; x_wconf 80' lang='grc' dir='ltr'><em>κτῆσίς</em></span> <span class='ocrx_word' id='word_1_67' title='bbox 1150 1455 1243 1520; x_wconf 82' lang='grc' dir='ltr'><em>ἐστιν.</em></span> <span class='ocrx_word' id='word_1_68' title='bbox 1294 1459 1366 1521; x_wconf 82' lang='grc' dir='ltr'><em>ἀλλ’</em></span> <span class='ocrx_word' id='word_1_69' title='bbox 1482 1443 1487 1450; x_wconf 52' lang='grc'><strong>’</strong></span> 
     </span>
     <span class='ocr_line' id='line_1_10' title="bbox 243 1557 1365 1646; baseline 0.002 -26"><span class='ocrx_word' id='word_1_70' title='bbox 243 1557 336 1639; x_wconf 79' lang='grc' dir='ltr'><em>ἐγγὺς</em></span> <span class='ocrx_word' id='word_1_71' title='bbox 356 1559 376 1643; x_wconf 74' lang='grc' dir='ltr'><em>ἡ</em></span> <span class='ocrx_word' id='word_1_72' title='bbox 399 1557 567 1634; x_wconf 80' lang='grc' dir='ltr'><em>ἀπολογία·</em></span> <span class='ocrx_word' id='word_1_73' title='bbox 593 1557 699 1644; x_wconf 82' lang='grc' dir='ltr'><em>ἐπειδὴ</em></span> <span class='ocrx_word' id='word_1_74' title='bbox 722 1559 782 1642; x_wconf 85' lang='grc' dir='ltr'><em>γὰρ</em></span> <span class='ocrx_word' id='word_1_75' title='bbox 805 1557 907 1642; x_wconf 58' lang='grc' dir='ltr'><em>περίί)</em></span> <span class='ocrx_word' id='word_1_76' title='bbox 932 1562 987 1644; x_wconf 77' lang='grc' dir='ltr'><em>τῆς</em></span> <span class='ocrx_word' id='word_1_77' title='bbox 1009 1557 1069 1621; x_wconf 83' lang='grc' dir='ltr'><em>ἀπὸ</em></span> <span class='ocrx_word' id='word_1_78' title='bbox 1084 1558 1236 1645; x_wconf 78' lang='grc' dir='ltr'><em>διαδήκης</em></span> <span class='ocrx_word' id='word_1_79' title='bbox 1258 1559 1365 1646; x_wconf 88' lang='grc' dir='ltr'><em>κληρο·</em></span> 
     </span>
     <span class='ocr_line' id='line_1_11' title="bbox 247 1657 1367 1747; baseline 0.004 -26"><span class='ocrx_word' id='word_1_80' title='bbox 247 1659 356 1744; x_wconf 89' lang='grc' dir='ltr'><em>νομίας</em></span> <span class='ocrx_word' id='word_1_81' title='bbox 379 1657 603 1747; x_wconf 76' lang='grc' dir='ltr'><em>διειλέγδημεν,</em></span> <span class='ocrx_word' id='word_1_82' title='bbox 627 1659 660 1724; x_wconf 87' lang='grc' dir='ltr'><em>ἐν</em></span> <span class='ocrx_word' id='word_1_83' title='bbox 682 1659 816 1747; x_wconf 78' lang='grc' dir='ltr'><em>διαδηκη</em></span> <span class='ocrx_word' id='word_1_84' title='bbox 840 1660 876 1722; x_wconf 87' lang='grc' dir='ltr'><em>δὲ</em></span> <span class='ocrx_word' id='word_1_85' title='bbox 900 1661 947 1723; x_wconf 80' lang='grc' dir='ltr'><em>καὶ</em></span> <span class='ocrx_word' id='word_1_86' title='bbox 966 1661 1083 1745; x_wconf 82' lang='grc' dir='ltr'><em>ληγότα</em></span> <span class='ocrx_word' id='word_1_87' title='bbox 1097 1662 1367 1746; x_wconf 82' lang='grc' dir='ltr'><em>καταλιμπάνεται,</em></span> 
     </span>
     <span class='ocr_line' id='line_1_12' title="bbox 194 1758 1364 1847; baseline 0.004 -25"><span class='ocrx_word' id='word_1_88' title='bbox 194 1771 224 1822; x_wconf 89' lang='grc'><em>10</em></span> <span class='ocrx_word' id='word_1_89' title='bbox 242 1761 297 1824; x_wconf 82' lang='grc' dir='ltr'><em>οὐκ</em></span> <span class='ocrx_word' id='word_1_90' title='bbox 330 1758 419 1836; x_wconf 84' lang='grc' dir='ltr'><em>ἐκτὸς</em></span> <span class='ocrx_word' id='word_1_91' title='bbox 451 1761 546 1843; x_wconf 87' lang='grc' dir='ltr'><em>λόγου</em></span> <span class='ocrx_word' id='word_1_92' title='bbox 581 1763 662 1836; x_wconf 84' lang='grc' dir='ltr'><em>τινός</em></span> <span class='ocrx_word' id='word_1_93' title='bbox 689 1760 770 1826; x_wconf 80' lang='grc' dir='ltr'><em>ἐστιν</em></span> <span class='ocrx_word' id='word_1_94' title='bbox 798 1761 915 1846; x_wconf 78' lang='grc' dir='ltr'><em>ἐφεξῆς</em></span> <span class='ocrx_word' id='word_1_95' title='bbox 946 1761 1072 1841; x_wconf 64' lang='grc' dir='ltr'><em>εἷπεῖνί)</em></span> <span class='ocrx_word' id='word_1_96' title='bbox 1107 1761 1179 1843; x_wconf 82' lang='grc' dir='ltr'><em>περὶ</em></span> <span class='ocrx_word' id='word_1_97' title='bbox 1212 1763 1364 1847; x_wconf 85' lang='grc' dir='ltr'><em>ληγιίτανν.</em></span> 
     </span>
     <span class='ocr_line' id='line_1_13' title="bbox 246 1862 1409 1950; baseline 0.001 -25"><span class='ocrx_word' id='word_1_98' title='bbox 246 1869 270 1926; x_wconf 93' lang='lat' dir='ltr'><em>l.</em></span> <span class='ocrx_word' id='word_1_99' title='bbox 307 1863 363 1925; x_wconf 79' lang='grc' dir='ltr'><em>Καὶ</em></span> <span class='ocrx_word' id='word_1_100' title='bbox 386 1862 437 1926; x_wconf 88' lang='grc' dir='ltr'><em>δεῖ</em></span> <span class='ocrx_word' id='word_1_101' title='bbox 456 1863 611 1950; x_wconf 88' lang='grc' dir='ltr'><em>πρότερον</em></span> <span class='ocrx_word' id='word_1_102' title='bbox 633 1863 801 1949; x_wconf 70' lang='grc' dir='ltr'><em>ὁρίσασθαι</em></span> <span class='ocrx_word' id='word_1_103' title='bbox 824 1864 852 1926; x_wconf 94' lang='grc' dir='ltr'><em>τί</em></span> <span class='ocrx_word' id='word_1_104' title='bbox 872 1863 936 1926; x_wconf 87' lang='grc' dir='ltr'><em>ἐστι</em></span> <span class='ocrx_word' id='word_1_105' title='bbox 958 1864 1099 1947; x_wconf 87' lang='grc' dir='ltr'><em>ληγαίτον.</em></span> <span class='ocrx_word' id='word_1_106' title='bbox 1145 1865 1279 1950; x_wconf 87' lang='grc' dir='ltr'><em>ληγότον</em></span> <span class='ocrx_word' id='word_1_107' title='bbox 1302 1864 1367 1928; x_wconf 79' lang='grc' dir='ltr'><em>ἐστὶ</em></span> <span class='ocrx_word' id='word_1_108' title='bbox 1388 1897 1409 1944; x_wconf 89' lang='lat' dir='ltr'><em>l.</em></span> 
     </span>
     <span class='ocr_line' id='line_1_14' title="bbox 243 1963 1529 2064; baseline 0 -36"><span class='ocrx_word' id='word_1_109' title='bbox 243 1965 350 2049; x_wconf 83' lang='grc' dir='ltr'><em>δωρεὰ</em></span> <span class='ocrx_word' id='word_1_110' title='bbox 384 1963 446 2029; x_wconf 80' lang='grc' dir='ltr'><em>ἀπὸ</em></span> <span class='ocrx_word' id='word_1_111' title='bbox 480 1963 535 2028; x_wconf 82' lang='grc' dir='ltr'><em>τοῦ</em></span> <span class='ocrx_word' id='word_1_112' title='bbox 568 1967 808 2050; x_wconf 76' lang='grc' dir='ltr'><em>τελευτησαντος</em></span> <span class='ocrx_word' id='word_1_113' title='bbox 843 1964 1093 2048; x_wconf 78' lang='grc' dir='ltr'><em>καταλειφδεῖσα.</em></span> <span class='ocrx_word' id='word_1_114' title='bbox 1151 1967 1181 2028; x_wconf 81' lang='grc'><em>2.</em></span> <span class='ocrx_word' id='word_1_115' title='bbox 1215 1964 1300 2029; x_wconf 85' lang='grc' dir='ltr'><em>Ἀλλὰ</em></span> <span class='ocrx_word' id='word_1_116' title='bbox 1330 1965 1359 2029; x_wconf 79' lang='grc' dir='ltr'><em>τί</em></span> <span class='ocrx_word' id='word_1_117' title='bbox 1383 1996 1409 2046; x_wconf 51' lang='grc' dir='ltr'><em>η,</em></span> <span class='ocrx_word' id='word_1_118' title='bbox 1528 1969 1529 2064; x_wconf 66' lang='grc'><strong>)</strong></span> 
     </span>
     <span class='ocr_line' id='line_1_15' title="bbox 240 2067 1366 2154; baseline 0.001 -24"><span class='ocrx_word' id='word_1_119' title='bbox 240 2067 298 2150; x_wconf 83' lang='grc' dir='ltr'><em>μὲν</em></span> <span class='ocrx_word' id='word_1_120' title='bbox 321 2067 421 2150; x_wconf 79' lang='grc' dir='ltr'><em>ὄνομα</em></span> <span class='ocrx_word' id='word_1_121' title='bbox 443 2067 538 2131; x_wconf 76' lang='grc' dir='ltr'><em>αὐτοῦ</em></span> <span class='ocrx_word' id='word_1_122' title='bbox 561 2072 615 2131; x_wconf 81' lang='grc' dir='ltr'><em>τοῦ</em></span> <span class='ocrx_word' id='word_1_123' title='bbox 638 2070 772 2154; x_wconf 86' lang='grc' dir='ltr'><em>ληγότοο</em></span> <span class='ocrx_word' id='word_1_124' title='bbox 795 2067 998 2152; x_wconf 83' lang='grc' dir='ltr'><em>πρωτότοπόν</em></span> <span class='ocrx_word' id='word_1_125' title='bbox 1021 2069 1080 2147; x_wconf 51' lang='lat' dir='ltr'><em>vd)</em></span> <span class='ocrx_word' id='word_1_126' title='bbox 1104 2067 1165 2130; x_wconf 78' lang='grc' dir='ltr'><em>ἐστὶ</em></span> <span class='ocrx_word' id='word_1_127' title='bbox 1187 2069 1237 2131; x_wconf 87' lang='grc' dir='ltr'><em>καί</em></span> <span class='ocrx_word' id='word_1_128' title='bbox 1259 2068 1366 2148; x_wconf 80' lang='grc' dir='ltr'><em>ὥςπερ</em></span> 
     </span>
     <span class='ocr_line' id='line_1_16' title="bbox 243 2159 1365 2257; baseline 0.002 -25"><span class='ocrx_word' id='word_1_129' title='bbox 243 2169 347 2256; x_wconf 53' lang='grc' dir='ltr'><em>όληδ)</em></span> <span class='ocrx_word' id='word_1_130' title='bbox 370 2168 516 2254; x_wconf 81' lang='grc' dir='ltr'><em>ἐντεῦόεν</em></span> <span class='ocrx_word' id='word_1_131' title='bbox 540 2169 575 2232; x_wconf 80' lang='grc' dir='ltr'><em>δὲ</em></span> <span class='ocrx_word' id='word_1_132' title='bbox 598 2169 718 2255; x_wconf 80' lang='grc' dir='ltr'><em>πρόεισι</em></span> <span class='ocrx_word' id='word_1_133' title='bbox 735 2159 873 2257; x_wconf 74' lang='grc' dir='ltr'><em>δγένη·</em></span> <span class='ocrx_word' id='word_1_134' title='bbox 896 2169 1147 2252; x_wconf 66' lang='lat' dir='ltr'>uindicatiwnffl)</span> <span class='ocrx_word' id='word_1_135' title='bbox 1171 2169 1365 2235; x_wconf 78' lang='lat' dir='ltr'><strong>damnatiwn</strong></span> 
     </span>
     <span class='ocr_line' id='line_1_17' title="bbox 198 2271 1364 2358; baseline 0.006 -28"><span class='ocrx_word' id='word_1_136' title='bbox 198 2279 229 2331; x_wconf 79' lang='lat'><em>15</em></span> <span class='ocrx_word' id='word_1_137' title='bbox 248 2271 372 2338; x_wconf 80' lang='lat' dir='ltr'><strong>sinendi</strong></span> <span class='ocrx_word' id='word_1_138' title='bbox 395 2271 489 2336; x_wconf 86' lang='lat' dir='ltr'>modo</span> <span class='ocrx_word' id='word_1_139' title='bbox 512 2272 734 2353; x_wconf 77' lang='lat' dir='ltr'>praeceptiwn.</span> <span class='ocrx_word' id='word_1_140' title='bbox 781 2271 845 2336; x_wconf 86' lang='grc' dir='ltr'><em>ἐστι</em></span> <span class='ocrx_word' id='word_1_141' title='bbox 867 2272 903 2334; x_wconf 84' lang='grc' dir='ltr'><em>δέ</em></span> <span class='ocrx_word' id='word_1_142' title='bbox 922 2272 1054 2358; x_wconf 77' lang='grc' dir='ltr'><em>ῥήματά</em></span> <span class='ocrx_word' id='word_1_143' title='bbox 1072 2295 1139 2335; x_wconf 94' lang='grc' dir='ltr'><em>τινα</em></span> <span class='ocrx_word' id='word_1_144' title='bbox 1168 2272 1294 2357; x_wconf 82' lang='grc' dir='ltr'><em>ἑκάστῳ</em></span> <span class='ocrx_word' id='word_1_145' title='bbox 1315 2271 1364 2354; x_wconf 81' lang='grc' dir='ltr'><em>γε’·</em></span> 
     </span>
     <span class='ocr_line' id='line_1_18' title="bbox 243 2372 1366 2461; baseline -0.004 -25"><span class='ocrx_word' id='word_1_146' title='bbox 243 2397 287 2439; x_wconf 91' lang='grc' dir='ltr'><em>νει</em></span> <span class='ocrx_word' id='word_1_147' title='bbox 316 2376 450 2461; x_wconf 85' lang='grc' dir='ltr'><em>ληγότοο</em></span> <span class='ocrx_word' id='word_1_148' title='bbox 481 2373 702 2458; x_wconf 81' lang='grc' dir='ltr'><em>ἀφωρισμένα,</em></span> <span class='ocrx_word' id='word_1_149' title='bbox 734 2375 777 2437; x_wconf 86' lang='grc' dir='ltr'><em>δι’</em></span> <span class='ocrx_word' id='word_1_150' title='bbox 807 2375 851 2438; x_wconf 83' lang='grc' dir='ltr'><em>ὧν</em></span> <span class='ocrx_word' id='word_1_151' title='bbox 879 2373 913 2436; x_wconf 87' lang='grc' dir='ltr'><em>τὸ</em></span> <span class='ocrx_word' id='word_1_152' title='bbox 944 2372 1034 2454; x_wconf 82' lang='grc' dir='ltr'><em>γένος</em></span> <span class='ocrx_word' id='word_1_153' title='bbox 1061 2375 1366 2459; x_wconf 51' lang='grc' dir='ltr'><em>γαρακτηρίζεταιλ)</em></span> 
     </span>
     <span class='ocr_line' id='line_1_19' title="bbox 243 2470 1366 2561; baseline -0.004 -19"><span class='ocrx_word' id='word_1_154' title='bbox 243 2479 292 2542; x_wconf 79' lang='grc' dir='ltr'><em>καί</em></span> <span class='ocrx_word' id='word_1_155' title='bbox 314 2476 547 2542; x_wconf 76' lang='lat' dir='ltr'><strong>uindicationos</strong></span> <span class='ocrx_word' id='word_1_156' title='bbox 567 2475 627 2560; x_wconf 88' lang='grc' dir='ltr'><em>μέν</em></span> <span class='ocrx_word' id='word_1_157' title='bbox 650 2477 715 2540; x_wconf 86' lang='grc' dir='ltr'><em>ἐστι</em></span> <span class='ocrx_word' id='word_1_158' title='bbox 738 2480 834 2541; x_wconf 81' lang='grc' dir='ltr'><em>ταῦτα</em></span> <span class='ocrx_word' id='word_1_159' title='bbox 857 2477 894 2538; x_wconf 85' lang='grc' dir='ltr'><em>τὰ</em></span> <span class='ocrx_word' id='word_1_160' title='bbox 913 2477 1056 2561; x_wconf 72' lang='grc' dir='ltr'><em>ῥήματα·</em></span> <span class='ocrx_word' id='word_1_161' title='bbox 1075 2470 1239 2558; x_wconf 51' lang='grc' dir='ltr'><em>(δίδωμι</em></span> <span class='ocrx_word' id='word_1_162' title='bbox 1261 2475 1366 2559; x_wconf 81' lang='grc' dir='ltr'><em>τῷδε</em></span> 
     </span>
     <span class='ocr_line' id='line_1_20' title="bbox 244 2565 1367 2664; baseline -0.002 -22"><span class='ocrx_word' id='word_1_163' title='bbox 244 2577 463 2663; x_wconf 84' lang='grc' dir='ltr'><em>νομίσματα</em></span> <span class='ocrx_word' id='word_1_164' title='bbox 495 2565 546 2664; x_wconf 73' lang='grc' dir='ltr'><em>ρ’.</em></span> <span class='ocrx_word' id='word_1_165' title='bbox 599 2577 676 2664; x_wconf 78' lang='grc' dir='ltr'><em>αὕτη</em></span> <span class='ocrx_word' id='word_1_166' title='bbox 706 2579 742 2642; x_wconf 85' lang='grc' dir='ltr'><em>δὲ</em></span> <span class='ocrx_word' id='word_1_167' title='bbox 770 2579 832 2663; x_wconf 66' lang='grc' dir='ltr'><em>ηῙῙ)</em></span> <span class='ocrx_word' id='word_1_168' title='bbox 860 2576 1065 2641; x_wconf 79' lang='lat' dir='ltr'>uindicatiwn</span> <span class='ocrx_word' id='word_1_169' title='bbox 1088 2577 1241 2663; x_wconf 87' lang='grc' dir='ltr'><em>δεσπότην</em></span> <span class='ocrx_word' id='word_1_170' title='bbox 1269 2577 1367 2640; x_wconf 85' lang='grc' dir='ltr'><em>ἐποίει</em></span> 
     </span>
     <span class='ocr_line' id='line_1_21' title="bbox 243 2677 1366 2768; baseline -0.004 -24"><span class='ocrx_word' id='word_1_171' title='bbox 243 2681 296 2746; x_wconf 85' lang='grc' dir='ltr'><em>τὸν</em></span> <span class='ocrx_word' id='word_1_172' title='bbox 319 2684 503 2767; x_wconf 83' lang='grc' dir='ltr'><em>ληγαττίριον</em></span> <span class='ocrx_word' id='word_1_173' title='bbox 526 2683 590 2765; x_wconf 78' lang='grc' dir='ltr'><em>ἅμα</em></span> <span class='ocrx_word' id='word_1_174' title='bbox 614 2684 650 2768; x_wconf 81' lang='grc' dir='ltr'><em>τῇ</em></span> <span class='ocrx_word' id='word_1_175' title='bbox 672 2684 726 2744; x_wconf 82' lang='grc' dir='ltr'><em>τοῦ</em></span> <span class='ocrx_word' id='word_1_176' title='bbox 749 2677 944 2765; x_wconf 83' lang='grc' dir='ltr'><em>κληρονόμου</em></span> <span class='ocrx_word' id='word_1_177' title='bbox 967 2679 1117 2759; x_wconf 71' lang='grc' dir='ltr'><em>αᾶίίίοηί,</em></span> <span class='ocrx_word' id='word_1_178' title='bbox 1146 2683 1190 2754; x_wconf 84' lang='grc' dir='ltr'><em>ὡς</em></span> <span class='ocrx_word' id='word_1_179' title='bbox 1213 2679 1366 2744; x_wconf 82' lang='grc' dir='ltr'><em>δόνασδαι</em></span> 
     </span>
     <span class='ocr_line' id='line_1_22' title="bbox 197 2781 1366 2869; baseline 0.001 -23"><span class='ocrx_word' id='word_1_180' title='bbox 197 2801 231 2852; x_wconf 75' lang='lat'><em>20</em></span> <span class='ocrx_word' id='word_1_181' title='bbox 249 2781 343 2847; x_wconf 81' lang='grc' dir='ltr'><em>αὐτόν</em></span> <span class='ocrx_word' id='word_1_182' title='bbox 365 2785 442 2846; x_wconf 85' lang='grc' dir='ltr'><em>κατὰ</em></span> <span class='ocrx_word' id='word_1_183' title='bbox 465 2783 579 2858; x_wconf 83' lang='grc' dir='ltr'><em>παντὸς</em></span> <span class='ocrx_word' id='word_1_184' title='bbox 601 2786 691 2848; x_wconf 83' lang='grc' dir='ltr'><em>κινεῖν</em></span> <span class='ocrx_word' id='word_1_185' title='bbox 713 2785 767 2869; x_wconf 82' lang='grc' dir='ltr'><em>τὴν</em></span> <span class='ocrx_word' id='word_1_186' title='bbox 789 2783 823 2847; x_wconf 90' lang='lat' dir='ltr'><em>in</em></span> <span class='ocrx_word' id='word_1_187' title='bbox 845 2802 920 2846; x_wconf 86' lang='lat' dir='ltr'>rem.</span> <span class='ocrx_word' id='word_1_188' title='bbox 973 2784 1022 2845; x_wconf 84' lang='grc' dir='ltr'><em>καὶ</em></span> <span class='ocrx_word' id='word_1_189' title='bbox 1050 2784 1101 2846; x_wconf 87' lang='grc' dir='ltr'><em>διὰ</em></span> <span class='ocrx_word' id='word_1_190' title='bbox 1130 2781 1220 2845; x_wconf 83' lang='grc' dir='ltr'><em>τοῦτο</em></span> <span class='ocrx_word' id='word_1_191' title='bbox 1252 2781 1366 2867; x_wconf 84' lang='grc' dir='ltr'><em>ἀνεφέ·</em></span> 
     </span>
     <span class='ocr_line' id='line_1_23' title="bbox 243 2885 1366 2972; baseline -0.002 -24"><span class='ocrx_word' id='word_1_192' title='bbox 243 2909 319 2971; x_wconf 91' lang='grc' dir='ltr'><em>ρετο</em></span> <span class='ocrx_word' id='word_1_193' title='bbox 342 2888 391 2949; x_wconf 84' lang='grc' dir='ltr'><em>καί</em></span> <span class='ocrx_word' id='word_1_194' title='bbox 413 2885 492 2972; x_wconf 76' lang='grc' dir='ltr'><em>αὕτη</em></span> <span class='ocrx_word' id='word_1_195' title='bbox 516 2887 548 2950; x_wconf 88' lang='grc' dir='ltr'><em>ἐν</em></span> <span class='ocrx_word' id='word_1_196' title='bbox 571 2891 638 2962; x_wconf 84' lang='grc' dir='ltr'><em>ταῖς</em></span> <span class='ocrx_word' id='word_1_197' title='bbox 660 2887 766 2961; x_wconf 81' lang='grc' dir='ltr'><em>ίδικαῖς</em></span> <span class='ocrx_word' id='word_1_198' title='bbox 788 2887 922 2971; x_wconf 78' lang='grc' dir='ltr'><em>πράξεσι</em></span> <span class='ocrx_word' id='word_1_199' title='bbox 952 2891 1018 2959; x_wconf 84' lang='grc' dir='ltr'><em>ταῖς</em></span> <span class='ocrx_word' id='word_1_200' title='bbox 1041 2885 1272 2971; x_wconf 84' lang='grc' dir='ltr'><em>περιποιοόσαις</em></span> <span class='ocrx_word' id='word_1_201' title='bbox 1295 2887 1366 2970; x_wconf 76' lang='grc' dir='ltr'><em>ἡμῖν</em></span> 
     </span>
     <span class='ocr_line' id='line_1_24' title="bbox 243 2985 1366 3074; baseline -0.001 -24"><span class='ocrx_word' id='word_1_202' title='bbox 243 2987 435 3065; x_wconf 85' lang='grc' dir='ltr'><em>δεσποτείαν,</em></span> <span class='ocrx_word' id='word_1_203' title='bbox 460 2989 504 3064; x_wconf 82' lang='grc' dir='ltr'><em>ὡς</em></span> <span class='ocrx_word' id='word_1_204' title='bbox 526 2987 591 3051; x_wconf 85' lang='grc' dir='ltr'><em>ἄνω</em></span> <span class='ocrx_word' id='word_1_205' title='bbox 614 2990 946 3074; x_wconf 78' lang='grc' dir='ltr'><em>προανεφαννήσαμεν·</em></span> <span class='ocrx_word' id='word_1_206' title='bbox 967 2988 1092 3070; x_wconf 84' lang='grc' dir='ltr'><em>ἐλέγετο</em></span> <span class='ocrx_word' id='word_1_207' title='bbox 1109 2988 1144 3051; x_wconf 83' lang='grc' dir='ltr'><em>δὲ</em></span> <span class='ocrx_word' id='word_1_208' title='bbox 1159 2985 1366 3053; x_wconf 77' lang='lat' dir='ltr'>uindicatiwn</span> 
     </span>
     <span class='ocr_line' id='line_1_25' title="bbox 245 3086 1364 3175; baseline 0 -24"><span class='ocrx_word' id='word_1_209' title='bbox 245 3090 330 3174; x_wconf 82' lang='grc' dir='ltr'><em>παρὰ</em></span> <span class='ocrx_word' id='word_1_210' title='bbox 360 3087 394 3153; x_wconf 85' lang='grc' dir='ltr'><em>τὸ</em></span> <span class='ocrx_word' id='word_1_211' title='bbox 420 3087 619 3163; x_wconf 78' lang='lat' dir='ltr'>‘uindicare’‚</span> <span class='ocrx_word' id='word_1_212' title='bbox 653 3091 672 3151; x_wconf 86' lang='grc' dir='ltr'><em>ό</em></span> <span class='ocrx_word' id='word_1_213' title='bbox 706 3090 770 3153; x_wconf 86' lang='grc' dir='ltr'><em>ἐστι</em></span> <span class='ocrx_word' id='word_1_214' title='bbox 803 3089 854 3152; x_wconf 88' lang='grc' dir='ltr'><em>διὰ</em></span> <span class='ocrx_word' id='word_1_215' title='bbox 887 3094 942 3173; x_wconf 75' lang='grc' dir='ltr'><em>τῆς</em></span> <span class='ocrx_word' id='word_1_216' title='bbox 974 3088 1007 3152; x_wconf 89' lang='lat' dir='ltr'><em>in</em></span> <span class='ocrx_word' id='word_1_217' title='bbox 1040 3109 1108 3154; x_wconf 87' lang='lat' dir='ltr'><em>rem</em></span> <span class='ocrx_word' id='word_1_218' title='bbox 1141 3089 1296 3175; x_wconf 79' lang='grc' dir='ltr'><em>ἐκδικῆσαι</em></span> <span class='ocrx_word' id='word_1_219' title='bbox 1330 3086 1364 3151; x_wconf 86' lang='grc' dir='ltr'><em>τὸ</em></span> 
     </span>
     <span class='ocr_line' id='line_1_26' title="bbox 243 3186 1365 3277; baseline -0.001 -23"><span class='ocrx_word' id='word_1_220' title='bbox 243 3197 379 3277; x_wconf 87' lang='grc' dir='ltr'><em>πρᾶγμα.</em></span> <span class='ocrx_word' id='word_1_221' title='bbox 432 3191 655 3258; x_wconf 79' lang='lat' dir='ltr'><strong>damnationos</strong></span> <span class='ocrx_word' id='word_1_222' title='bbox 692 3192 727 3254; x_wconf 80' lang='grc' dir='ltr'><em>δὲ</em></span> <span class='ocrx_word' id='word_1_223' title='bbox 751 3191 970 3277; x_wconf 62' lang='grc' dir='ltr'><em>ῥήματαίί)·ί)</em></span> <span class='ocrx_word' id='word_1_224' title='bbox 1019 3186 1291 3265; x_wconf 65' lang='grc' dir='ltr'><em>“καταδικιίζιο</em></span> <span class='ocrx_word' id='word_1_225' title='bbox 1322 3215 1365 3256; x_wconf 88' lang='grc' dir='ltr'><em>σε</em></span> 
     </span>
     <span class='ocr_line' id='line_1_27' title="bbox 193 3291 1364 3382; baseline -0.005 -22"><span class='ocrx_word' id='word_1_226' title='bbox 193 3309 226 3360; x_wconf 78' lang='lat'><em>25</em></span> <span class='ocrx_word' id='word_1_227' title='bbox 245 3297 271 3359; x_wconf 81' lang='grc' dir='ltr'><strong><em>ὦ</em></strong></span> <span class='ocrx_word' id='word_1_228' title='bbox 293 3296 511 3382; x_wconf 88' lang='grc' dir='ltr'><em>κληρονόμε</em></span> <span class='ocrx_word' id='word_1_229' title='bbox 535 3297 670 3359; x_wconf 80' lang='grc' dir='ltr'><em>δοῦναι</em></span> <span class='ocrx_word' id='word_1_230' title='bbox 698 3296 796 3380; x_wconf 82' lang='grc' dir='ltr'><em>τῷδε</em></span> <span class='ocrx_word' id='word_1_231' title='bbox 833 3296 1051 3377; x_wconf 84' lang='grc' dir='ltr'><em>νομίσματα</em></span> <span class='ocrx_word' id='word_1_232' title='bbox 1079 3291 1176 3376; x_wconf 55' lang='grc' dir='ltr'><em>μή)</em></span> <span class='ocrx_word' id='word_1_233' title='bbox 1231 3292 1364 3356; x_wconf 85' lang='grc' dir='ltr'><em>ἐτίκτετο</em></span> 
     </span>
    </p>
   </div>
   <div class='ocr_carea' id='block_1_4' title="bbox 244 3563 1365 4064">
    <p class='ocr_par' dir='ltr' id='par_1_5' title="bbox 244 3563 1365 4064">
     <span class='ocr_line' id='line_1_28' title="bbox 312 3563 1365 3639; baseline -0.008 -17"><span class='ocrx_word' id='word_1_234' title='bbox 312 3572 335 3637; x_wconf 87' lang='grc'><em>1)</em></span> <span class='ocrx_word' id='word_1_235' title='bbox 354 3570 417 3638; x_wconf 89' lang='grc' dir='ltr'><em>περί</em></span> <span class='ocrx_word' id='word_1_236' title='bbox 435 3569 559 3639; x_wconf 80' lang='grc' dir='ltr'><em>ληγάτιον</em></span> <span class='ocrx_word' id='word_1_237' title='bbox 579 3568 620 3620; x_wconf 82' lang='lat' dir='ltr'><em>ad.</em></span> <span class='ocrx_word' id='word_1_238' title='bbox 639 3566 684 3620; x_wconf 85' lang='lat' dir='ltr'>lib.</span> <span class='ocrx_word' id='word_1_239' title='bbox 704 3566 744 3620; x_wconf 88' lang='lat' dir='ltr'><em>ed.</em></span> <span class='ocrx_word' id='word_1_240' title='bbox 766 3566 898 3635; x_wconf 87' lang='grc' dir='ltr'><em>[λεγοίτιον</em></span> <span class='ocrx_word' id='word_1_241' title='bbox 917 3565 961 3618; x_wconf 83' lang='lat' dir='ltr'><em>hic</em></span> <span class='ocrx_word' id='word_1_242' title='bbox 978 3571 1067 3618; x_wconf 81' lang='lat' dir='ltr'><strong>tamen</strong></span> <span class='ocrx_word' id='word_1_243' title='bbox 1078 3563 1137 3630; x_wconf 82' lang='grc' dir='ltr'><em>Μ.)</em></span> <span class='ocrx_word' id='word_1_244' title='bbox 1240 3563 1264 3627; x_wconf 67' lang='grc'><em>9)</em></span> <span class='ocrx_word' id='word_1_245' title='bbox 1286 3580 1365 3615; x_wconf 89' lang='grc' dir='ltr'><em>-τοο</em></span> 
     </span>
     <span class='ocr_line' id='line_1_29' title="bbox 247 3648 1365 3722; baseline -0.011 -13"><span class='ocrx_word' id='word_1_246' title='bbox 247 3657 296 3714; x_wconf 74' lang='lat' dir='ltr'><em>bl.</em></span> <span class='ocrx_word' id='word_1_247' title='bbox 417 3656 439 3721; x_wconf 74' lang='grc'><em>3)</em></span> <span class='ocrx_word' id='word_1_248' title='bbox 459 3655 511 3707; x_wconf 79' lang='grc' dir='ltr'><em>είπ.</em></span> <span class='ocrx_word' id='word_1_249' title='bbox 530 3656 572 3722; x_wconf 82' lang='grc' dir='ltr'><em>ἐφ.</em></span> <span class='ocrx_word' id='word_1_250' title='bbox 592 3669 660 3707; x_wconf 89' lang='lat' dir='ltr'><strong>omn.</strong></span> <span class='ocrx_word' id='word_1_251' title='bbox 680 3656 765 3720; x_wconf 77' lang='lat' dir='ltr'><strong>praet.</strong></span> <span class='ocrx_word' id='word_1_252' title='bbox 784 3650 823 3704; x_wconf 88' lang='lat' dir='ltr'><em>M.</em></span> <span class='ocrx_word' id='word_1_253' title='bbox 943 3651 966 3717; x_wconf 80' lang='lat'><em>⁴)</em></span> <span class='ocrx_word' id='word_1_254' title='bbox 986 3649 1072 3700; x_wconf 76' lang='grc' dir='ltr'><em>εἰπεῖν</em></span> <span class='ocrx_word' id='word_1_255' title='bbox 1090 3649 1125 3701; x_wconf 80' lang='grc' dir='ltr'><em>τὰ</em></span> <span class='ocrx_word' id='word_1_256' title='bbox 1144 3649 1181 3702; x_wconf 88' lang='grc' dir='ltr'><em>Μ.</em></span> <span class='ocrx_word' id='word_1_257' title='bbox 1296 3649 1318 3712; x_wconf 79' lang='lat'><em>⁵)</em></span> <span class='ocrx_word' id='word_1_258' title='bbox 1336 3648 1365 3697; x_wconf 81' lang='grc' dir='ltr'><em>ἐκ</em></span> 
     </span>
     <span class='ocr_line' id='line_1_30' title="bbox 245 3731 1364 3806; baseline -0.008 -12"><span class='ocrx_word' id='word_1_259' title='bbox 245 3741 285 3795; x_wconf 87' lang='lat' dir='ltr'><em>Vi.</em></span> <span class='ocrx_word' id='word_1_260' title='bbox 304 3740 336 3794; x_wconf 89' lang='lat' dir='ltr'><em>R.</em></span> <span class='ocrx_word' id='word_1_261' title='bbox 439 3739 561 3806; x_wconf 78' lang='grc' dir='ltr'><em>6)(1.Μ.</em></span> <span class='ocrx_word' id='word_1_262' title='bbox 666 3739 689 3806; x_wconf 75' lang='grc'><em>7)</em></span> <span class='ocrx_word' id='word_1_263' title='bbox 707 3737 751 3788; x_wconf 78' lang='grc' dir='ltr'><em>καί</em></span> <span class='ocrx_word' id='word_1_264' title='bbox 769 3753 837 3791; x_wconf 85' lang='lat' dir='ltr'><strong>omn.</strong></span> <span class='ocrx_word' id='word_1_265' title='bbox 856 3737 904 3789; x_wconf 83' lang='lat' dir='ltr'>ins.</span> <span class='ocrx_word' id='word_1_266' title='bbox 924 3739 1009 3804; x_wconf 78' lang='lat' dir='ltr'><strong>praet.</strong></span> <span class='ocrx_word' id='word_1_267' title='bbox 1027 3734 1064 3787; x_wconf 88' lang='lat' dir='ltr'><em>M.</em></span> <span class='ocrx_word' id='word_1_268' title='bbox 1185 3735 1209 3799; x_wconf 83' lang='lat'><em>⁸)</em></span> <span class='ocrx_word' id='word_1_269' title='bbox 1227 3733 1253 3786; x_wconf 88' lang='lat' dir='ltr'><em>d.</em></span> <span class='ocrx_word' id='word_1_270' title='bbox 1271 3734 1314 3787; x_wconf 88' lang='lat' dir='ltr'><em>Vi.</em></span> <span class='ocrx_word' id='word_1_271' title='bbox 1332 3731 1364 3785; x_wconf 87' lang='lat' dir='ltr'><em>R.</em></span> 
     </span>
     <span class='ocr_line' id='line_1_31' title="bbox 244 3817 1365 3891; baseline -0.006 -15"><span class='ocrx_word' id='word_1_272' title='bbox 244 3826 267 3891; x_wconf 80' lang='lat'><em>⁹)</em></span> <span class='ocrx_word' id='word_1_273' title='bbox 287 3841 347 3876; x_wconf 84' lang='grc' dir='ltr'><em>-σι</em></span> <span class='ocrx_word' id='word_1_274' title='bbox 364 3825 402 3878; x_wconf 86' lang='grc' dir='ltr'><em>Μ.</em></span> <span class='ocrx_word' id='word_1_275' title='bbox 535 3825 568 3889; x_wconf 85' lang='lat'><em>1⁰)</em></span> <span class='ocrx_word' id='word_1_276' title='bbox 588 3821 734 3876; x_wconf 76' lang='lat' dir='ltr'>uindicatio</span> <span class='ocrx_word' id='word_1_277' title='bbox 753 3826 781 3874; x_wconf 77' lang='lat' dir='ltr'><em>et</em></span> <span class='ocrx_word' id='word_1_278' title='bbox 798 3825 848 3874; x_wconf 82' lang='lat' dir='ltr'><strong>cet.</strong></span> <span class='ocrx_word' id='word_1_279' title='bbox 868 3819 951 3874; x_wconf 79' lang='lat' dir='ltr'>latine</span> <span class='ocrx_word' id='word_1_280' title='bbox 970 3834 1020 3873; x_wconf 83' lang='lat' dir='ltr'><strong>scr.</strong></span> <span class='ocrx_word' id='word_1_281' title='bbox 1039 3819 1080 3872; x_wconf 85' lang='lat' dir='ltr'><em>ed.</em></span> <span class='ocrx_word' id='word_1_282' title='bbox 1099 3825 1153 3874; x_wconf 80' lang='lat' dir='ltr'>ant.</span> <span class='ocrx_word' id='word_1_283' title='bbox 1173 3817 1204 3872; x_wconf 80' lang='lat' dir='ltr'><em>F.</em></span> <span class='ocrx_word' id='word_1_284' title='bbox 1222 3817 1254 3871; x_wconf 89' lang='lat' dir='ltr'><em>R.</em></span> <span class='ocrx_word' id='word_1_285' title='bbox 1273 3822 1301 3870; x_wconf 79' lang='lat' dir='ltr'><em>et</em></span> <span class='ocrx_word' id='word_1_286' title='bbox 1318 3817 1365 3870; x_wconf 75' lang='lat' dir='ltr'><em>ad·</em></span> 
     </span>
     <span class='ocr_line' id='line_1_32' title="bbox 245 3901 1364 3976; baseline -0.01 -12"><span class='ocrx_word' id='word_1_287' title='bbox 245 3911 312 3964; x_wconf 87' lang='lat' dir='ltr'>dunt</span> <span class='ocrx_word' id='word_1_288' title='bbox 330 3923 439 3976; x_wconf 77' lang='lat' dir='ltr'><strong>graecas</strong></span> <span class='ocrx_word' id='word_1_289' title='bbox 457 3910 602 3962; x_wconf 72' lang='lat' dir='ltr'>uersioneS.</span> <span class='ocrx_word' id='word_1_290' title='bbox 706 3906 818 3973; x_wconf 78' lang='lat' dir='ltr'>11)add.</span> <span class='ocrx_word' id='word_1_291' title='bbox 838 3922 879 3960; x_wconf 82' lang='lat' dir='ltr'><em>ex.</em></span> <span class='ocrx_word' id='word_1_292' title='bbox 898 3905 935 3959; x_wconf 89' lang='grc' dir='ltr'><em>Μ.</em></span> <span class='ocrx_word' id='word_1_293' title='bbox 1038 3901 1364 3972; x_wconf 64' lang='grc' dir='ltr'><em>1ί)Μ.;ρῆμαΙι1.Ρ.;</em></span> 
     </span>
     <span class='ocr_line' id='line_1_33' title="bbox 244 3979 1023 4064; baseline -0.005 -18"><span class='ocrx_word' id='word_1_294' title='bbox 244 3994 279 4046; x_wconf 88' lang='grc' dir='ltr'><em>τὰ</em></span> <span class='ocrx_word' id='word_1_295' title='bbox 297 4000 345 4064; x_wconf 82' lang='grc' dir='ltr'><em>τῆς</em></span> <span class='ocrx_word' id='word_1_296' title='bbox 363 3995 439 4056; x_wconf 86' lang='grc' dir='ltr'><em>δαμν.</em></span> <span class='ocrx_word' id='word_1_297' title='bbox 458 3994 489 4044; x_wconf 81' lang='grc' dir='ltr'><em>δὲ</em></span> <span class='ocrx_word' id='word_1_298' title='bbox 508 3993 542 4045; x_wconf 86' lang='grc' dir='ltr'><em>τὰ</em></span> <span class='ocrx_word' id='word_1_299' title='bbox 560 3995 586 4060; x_wconf 80' lang='grc' dir='ltr'><em>ρ.</em></span> <span class='ocrx_word' id='word_1_300' title='bbox 607 3991 648 4044; x_wconf 87' lang='lat' dir='ltr'><em>vi.</em></span> <span class='ocrx_word' id='word_1_301' title='bbox 668 3993 699 4047; x_wconf 88' lang='lat' dir='ltr'><em>R.</em></span> <span class='ocrx_word' id='word_1_302' title='bbox 803 3992 838 4057; x_wconf 78' lang='lat'><em>1³)</em></span> <span class='ocrx_word' id='word_1_303' title='bbox 855 3979 882 4059; x_wconf 69' lang='grc' dir='ltr'><em>,ἶ</em></span> <span class='ocrx_word' id='word_1_304' title='bbox 902 3980 957 4045; x_wconf 64' lang='grc' dir='ltr'><em>νῖθ.</em></span> <span class='ocrx_word' id='word_1_305' title='bbox 975 3989 1023 4043; x_wconf 84' lang='lat' dir='ltr'><em>Ll.</em></span> 
     </span>
    </p>
   </div>
   <div class='ocr_carea' id='block_1_5' title="bbox 312 4111 995 4179">
    <p class='ocr_par' dir='ltr' id='par_1_6' title="bbox 312 4111 995 4179">
     <span class='ocr_line' id='line_1_34' title="bbox 312 4111 995 4179; baseline -0.006 -12"><span class='ocrx_word' id='word_1_306' title='bbox 312 4118 338 4179; x_wconf 80' lang='lat' dir='ltr'><em>a)</em></span> <span class='ocrx_word' id='word_1_307' title='bbox 357 4113 416 4168; x_wconf 70' lang='lat' dir='ltr'><strong>Gai.</strong></span> <span class='ocrx_word' id='word_1_308' title='bbox 435 4117 460 4175; x_wconf 84' lang='lat'><em>2,</em></span> <span class='ocrx_word' id='word_1_309' title='bbox 483 4117 588 4168; x_wconf 83' lang='grc'><strong>193-4.</strong></span> <span class='ocrx_word' id='word_1_310' title='bbox 693 4111 798 4178; x_wconf 60' lang='lat' dir='ltr'><strong>hmai.</strong></span> <span class='ocrx_word' id='word_1_311' title='bbox 816 4113 841 4174; x_wconf 81' lang='lat'><em>2,</em></span> <span class='ocrx_word' id='word_1_312' title='bbox 860 4113 917 4165; x_wconf 86' lang='lat'>201.</span> <span class='ocrx_word' id='word_1_313' title='bbox 936 4113 995 4164; x_wconf 83' lang='lat'><strong>204.</strong></span> 
     </span>
    </p>
   </div>
   <div class='ocr_carea' id='block_1_6' title="bbox 0 0 1544 4882">
    <p class='ocr_par' dir='ltr' id='par_1_7' title="bbox 0 0 1544 4882">
     <span class='ocr_line' id='line_1_35' title="bbox 0 0 1544 4882; baseline 0 0"><span class='ocrx_word' id='word_1_314' title='bbox 0 0 1544 4882; x_wconf 95' lang='lat' dir='ltr'><em> </em></span> 
     </span>
    </p>
   </div>
  </div>
 </body>
</html>
