3022 4884
539 426 772 490 -120-

100 607 270 686 aedificant,
293 614 350 676 ant
370 609 399 676 si
420 627 459 676 cx
481 627 551 676 msa
572 612 705 678 maaria
726 613 758 677 in
779 613 847 680 solo
868 613 969 680 abeno
991 615 1085 682 asdss
1106 618 1218 696 struxi,

100 725 146 792 uel
176 726 310 792 alienam
343 727 487 795 arborem
515 727 548 793 in
577 747 635 796 suo
664 729 734 812 quis
763 729 829 796 solo
862 731 1017 814 plantauit
1049 731 1101 800 uel
1128 734 1218 802 arbo·

99 861 157 910 rem
179 863 269 912 suam
291 846 322 910 in
344 850 431 911 terra
452 846 555 912 aliena
576 847 630 924 ita,
654 852 690 913 ut
717 847 839 914 radices
869 850 965 915 etiam
988 851 1103 932 egerit,
1132 853 1217 934 quod

98 961 228 1046 optinuit
249 967 283 1029 et
305 963 343 1028 de
365 963 521 1032 frumento
543 970 612 1030 sato
635 969 668 1030 et
689 965 729 1032 de
750 964 874 1045 litteris,
897 986 978 1049 quae
1000 969 1077 1036 meis
1100 969 1217 1036 chartis

98 1081 322 1148 membranisue
343 1079 567 1148 inscribuntur.
600 1083 789 1150 contrarium
811 1086 844 1150 in
866 1084 991 1168 pictura
1013 1087 1217 1154 obseruatum
1250 1087 1267 1137 ⁶

98 1201 153 1263 est:
180 1198 267 1266 cedit
294 1199 376 1265 enim
398 1198 509 1266 tabula
537 1199 687 1281 picturae.
737 1202 819 1268 inter
846 1201 1006 1268 naturales
1027 1203 1136 1270 modos
1162 1205 1216 1270 ad·
1347 1244 1357 1260 ι

97 1315 267 1396 quisitionis
290 1316 385 1382 etiam
409 1322 467 1396 est,
490 1316 573 1382 bona
595 1316 657 1384 fids
678 1319 840 1398 praedium
867 1319 907 1385 ab
935 1336 972 1386 eo
1001 1321 1055 1403 qui
1083 1337 1145 1386 non
1167 1327 1217 1388 est

97 1432 233 1499 dominus
272 1434 437 1517 accipere:
482 1433 565 1500 bona
605 1435 687 1501 enim
727 1434 789 1502 fida
825 1436 982 1518 possessio
1020 1435 1137 1504 sufficit
1174 1439 1216 1504 ad
1359 1455 1379 1492 ο

96 1551 340 1618 constituendum
363 1569 433 1620 curn
462 1553 621 1618 dominum
650 1559 869 1637 perceptorum
898 1553 1066 1622 iructuum.
1112 1561 1162 1622 set
1183 1563 1216 1624 st

95 1669 251 1737 thensauri
272 1671 411 1739 inuentio
433 1670 485 1738 uel
508 1669 541 1737 in
568 1671 751 1738 uniuersum
780 1670 832 1737 uel
858 1671 972 1755 partim
999 1672 1140 1753 adquirit
1168 1674 1267 1740 in-10

96 1791 213 1855 uenturi
246 1789 453 1857 thensaurum
480 1789 569 1856 iuxta
598 1807 692 1872 quarn
720 1788 940 1872 proposuimus
972 1790 1213 1860 distinctionem.

95 1907 241 1974 naturalis
263 1907 434 1990 adquisitio
463 1911 496 1974 et
523 1925 581 1991 per
608 1907 810 1974 traditionem
836 1907 881 1974 fit.
934 1914 984 1975 set
1008 1909 1084 1978 boec
1111 1911 1215 1978 omnia

63 2033 82 2082 1.
96 2023 131 2091 ds
149 2025 367 2110 corporalibus
388 2027 483 2094 rebus
505 2025 644 2109 intellegi
666 2027 789 2093 debent.
826 2030 852 2090 1.
877 2027 993 2093 Rerum
1016 2027 1097 2094 enirn
1120 2045 1214 2109 quas·

97 2144 161 2210 dam
182 2143 362 2228 corporales
382 2149 475 2221 sunt,
504 2145 659 2225 quaedam
686 2145 908 2226 incorporales.
957 2145 1136 2229 corporatis
1158 2152 1207 2213 set

97 2279 141 2328 ras
165 2279 248 2344 quae
275 2267 308 2329 et
334 2261 573 2346 appellationem
595 2261 708 2344 recipit
730 2267 762 2328 et
783 2261 870 2343 tangi
893 2268 925 2328 et
947 2264 1084 2347 conspici
1098 2269 1213 2346 potest,
1232 2262 1265 2314 1⁶

96 2380 186 2446 ueluti
207 2380 325 2448 fundus
346 2381 441 2448 aedes
467 2380 566 2447 uestis
593 2398 720 2447 seruus:
748 2380 952 2462 incorporalis
981 2387 1029 2448 est
1057 2398 1139 2463 quae
1167 2383 1213 2448 in·

96 2496 191 2580 elegi
224 2502 348 2565 mutum
379 2504 499 2583 potest,
531 2519 593 2567 non
629 2518 706 2566 uero
735 2501 831 2567 etiam
861 2500 949 2582 tangi
977 2508 1032 2567 aut
1066 2499 1211 2583 conspici.

95 2611 165 2681 Gum
186 2617 228 2684 de
249 2618 463 2698 corporalibus
484 2619 580 2685 locuti
602 2619 710 2698 simus,
732 2617 935 2701 dispiciamus
958 2623 990 2684 et
1012 2617 1051 2684 de
1072 2619 1212 2700 incorpo-

94 2731 215 2802 ralibus.
260 2751 311 2802 res
333 2735 546 2820 incorporales
568 2742 644 2804 sont
673 2737 814 2820 quaein
843 2736 913 2802 inre
938 2735 1128 2814 consistunt,
1158 2755 1212 2803 ue·

94 2854 145 2922 inti
166 2856 335 2924 hereditas.
380 2861 414 2922 et
434 2856 509 2938 quid
532 2861 587 2922 est*
603 2853 783 2922 hereditas?
812 2856 861 2920 ius
891 2853 989 2921 certis
1013 2854 1113 2921 modis
1140 2869 1212 2922 con·
1229 2851 1264 2904 2⁰

94 2973 233 3041 obtutum
262 2973 457 3057 incorporale
479 2972 600 3041 abenas
621 2973 817 3040 substantioe
843 2972 875 3038 in
903 2974 1087 3040 uniuersum
1115 2973 1210 3040 domi·

93 3090 169 3158 nium
192 3092 387 3173 adquirendi.
411 3091 493 3159 adde
522 3097 555 3160 et
582 3089 822 3159 usumfructum.
855 3091 1054 3159 ususfructus
1082 3097 1132 3156 est
1160 3089 1211 3154 ius
1253 3108 1258 3117 ·

94 3211 180 3276 certis
213 3210 315 3277 modis
337 3209 543 3277 constitutum
565 3210 761 3294 incorporale
788 3209 833 3277 rei
860 3209 982 3276 abenas
1008 3207 1145 3274 utendae
1178 3211 1211 3271 et

93 3323 247 3396 tuendae.
302 3328 384 3395 adde
416 3333 449 3395 et
481 3326 687 3409 obligationes
716 3327 1006 3410 quomodocumque
1033 3328 1209 3392 conuectos

94 3444 301 3523 (multifariam
324 3445 674 3542 coinquinabantur,
696 3449 733 3511 ut
754 3444 884 3512 inferius
906 3442 1140 3529 proponemus).
1177 3447 1211 3507 et
1227 3447 1261 3499 25

93 3562 159 3641 quid
180 3569 231 3630 ast
251 3563 424 3646 obligatio?
445 3563 595 3646 obligatio
618 3570 667 3632 cst
694 3563 853 3632 uinculum
879 3562 957 3629 iuris
985 3579 1047 3644 quo
1077 3562 1211 3628 necmsi·

61 3681 80 3735 2.
94 3682 152 3747 tate
179 3681 407 3764 adstringimur
433 3681 551 3764 aliquid
577 3681 729 3757 faciendi,
751 3681 836 3765 quod
858 3681 960 3750 iacere
983 3684 1135 3764 oporteat.
1178 3679 1208 3742 2.
