3096 4890
606 394 816 458 *IS-³

145 583 399 667 exposuerimus,
421 589 454 648 et
477 573 677 648 didicerimus
699 580 824 661 quinam
847 579 921 645 olim
948 579 1019 644 iura
1040 577 1219 654 conderent,
1243 579 1275 640 et

138 704 303 785 quomodo
325 702 519 784 singulorum
542 703 612 767 iura
634 700 878 781 appellarentur,
901 718 958 766 nec
980 718 1041 765 non
1057 698 1162 780 legum
1183 712 1273 777 quas·

146 824 219 888 dam
242 825 376 907 scriptas
399 824 549 906 quasdam
573 841 635 888 non
659 821 794 905 scriptas
816 838 900 894 esse,
929 820 970 884 ad
996 818 1082 884 aliud
1111 833 1274 900 argumen-

145 950 214 1009 tum
236 944 410 1021 ueniamus,
433 962 470 1009 ac
492 942 693 1024 dispiciamus
715 941 798 1007 circa
820 940 968 1022 quotins
990 953 1153 1004 romanum
1170 952 1275 1001 uerse-

140 1069 210 1128 tnr.
242 1063 326 1129 circa
347 1063 408 1127 tria
429 1065 535 1128 autem
557 1065 714 1136 uersatur,
737 1060 820 1125 circa
841 1076 991 1142 personas
1013 1058 1096 1124 circa
1117 1074 1168 1122 res
1191 1054 1274 1120 circa
1308 1060 1325 1112 ⁵

147 1181 301 1248 actiones.
336 1185 369 1246 et
390 1178 474 1245 circa
496 1196 646 1261 personas
669 1177 794 1256 quidem
816 1175 917 1241 ueluti
936 1193 1007 1241 cam
1030 1173 1176 1239 dicimus:
1205 1171 1274 1236 illa

143 1304 319 1362 senator
351 1300 412 1362 est
444 1288 514 1360 aut
546 1295 739 1377 plebeius.
784 1293 958 1372 accarca,
991 1309 1062 1357 cum
1095 1290 1274 1373 quaerimus

144 1423 256 1482 utrum
279 1423 383 1481 ratum
399 1417 441 1481 sit
457 1421 678 1480 testamentum
701 1415 741 1479 ab
763 1414 868 1495 aliquo
890 1413 1048 1480 conditum
1064 1427 1169 1476 necne.
1192 1409 1274 1474 circa

147 1537 288 1602 actiones
322 1541 428 1599 autem
463 1534 608 1615 quotiens
647 1533 817 1614 ambigitur
856 1537 963 1598 uuum
1003 1533 1160 1613 competat
1190 1527 1273 1594 actio

146 1673 254 1720 necne.
294 1660 328 1719 et
349 1653 516 1719 dicendum
538 1660 588 1719 est
609 1654 744 1735 primum
768 1654 807 1720 de
828 1654 987 1735 personis,
1016 1651 1130 1717 deinde
1159 1650 1198 1715 dc
1225 1652 1325 1716 na-10

143 1776 222 1849 bus,
247 1774 372 1839 demum
402 1791 478 1838 uero
508 1775 546 1839 de
576 1773 750 1838 actionibus
780 1773 1007 1839 disserendum.
1052 1777 1145 1852 aptus
1167 1774 1272 1836 autem

141 1892 301 1958 eiusmodi
324 1891 401 1958 ordo
423 1893 564 1972 uidetur3
587 1893 641 1958 ubi
664 1893 746 1958 enim
768 1898 843 1958 sunt
863 1910 1026 1974 personae,
1049 1889 1174 1971 negotia
1196 1887 1273 1955 oriri

145 2012 250 2094 palam
266 2018 323 2090 est,
347 2012 461 2096 quibus
484 2013 561 2078 ortis
577 2019 609 2077 et
624 2013 664 2078 de
678 2013 852 2078 actionibus
868 2012 1081 2094 quaerendum
1096 2017 1155 2088 est,
1182 2027 1272 2091 opor·

147 2134 309 2214 tetigitur
336 2133 375 2198 ile
396 2134 541 2214 personis
556 2132 658 2212 loqui:
674 2149 788 2214 parum
803 2133 885 2196 enim
902 2137 950 2198 est
963 2137 1060 2214 atque
1075 2129 1186 2195 inutile
1201 2129 1272 2194 iura

146 2271 254 2324 nosse,
286 2252 314 2317 si
343 2271 498 2334 personae
530 2243 667 2324 anobis
697 2251 895 2334 ignorentur,
929 2269 1062 2333 quarum
1095 2266 1190 2318 causa
1223 2248 1272 2312 ius
1292 2254 1323 2306 15

146 2376 302 2436 statutum
326 2377 385 2435 est.
530 2441 532 2444 ,
1034 2363 1038 2367 ’

232 2490 362 2556 Summa
384 2493 491 2572 itaque
513 2491 625 2556 diuisio
653 2510 855 2575 personarum
885 2491 962 2557 baec
979 2497 1033 2558 est
1061 2493 1144 2574 quod
1175 2492 1273 2558 homi·
1317 2535 1319 2540 -

103 2621 126 2671 1.
144 2629 219 2675 num
243 2612 370 2694 quidam
392 2613 492 2690 liberi,
515 2614 642 2693 quidam
666 2614 750 2678 serni
772 2619 856 2678 sunt.

233 2737 261 2796 l.
299 2734 341 2797 Et
362 2725 492 2798 libertas
514 2725 650 2813 quidem,
673 2753 710 2799 ex
732 2754 795 2816 qna
820 2733 990 2800 liberorum
1012 2733 1180 2816 appellatio
1202 2738 1272 2798 orta

144 2855 202 2929 est,
225 2850 273 2915 ita
294 2857 344 2916 est
365 2851 558 2918 definienda:
587 2853 717 2920 libertas
745 2860 794 2919 est
823 2853 976 2919 naturalis
1005 2853 1138 2920 facultas
1160 2853 1271 2932 cuique
1289 2863 1323 2915 ao

144 2971 318 3034 concedens
340 2991 421 3053 qnae
441 2971 541 3038 libeat
562 2972 674 3051 facere,
697 2971 758 3038 nisi
780 2975 828 3038 ius
850 2979 906 3038 aut
928 2965 976 3038 uis
998 2961 1172 3054 probibeat
1217 2993 1271 3038 uo-

144 3089 261 3153 lentem
285 3091 366 3155 enim
388 3091 506 3175 aliquid
530 3111 638 3174 agere,
668 3094 752 3178 quod
780 3094 848 3158 iure
870 3112 931 3159 non
954 3099 1096 3172 notetur,
1126 3083 1272 3176 probibet

145 3220 196 3272 me
220 3209 348 3290 quitiam
370 3209 528 3278 interdum
558 3212 589 3276 ui
619 3213 741 3294 potiore
763 3211 945 3294 impediens.
990 3212 1059 3278 iure
1081 3232 1172 3292 uero,
1200 3231 1270 3278 oum

145 3347 319 3410 poenarum
341 3330 433 3396 minis
455 3333 594 3398 retineor
614 3332 691 3412 quin
714 3331 746 3396 id
770 3331 891 3405 faciam,
913 3332 995 3411 quod
1016 3349 1175 3413 cuperem.
1208 3349 1271 3398 ser-

99 3475 126 3529 2·
143 3464 203 3512 uus
237 3452 343 3512 autem
378 3447 472 3514 etiam
510 3450 627 3515 domini
654 3451 767 3516 timore
795 3451 966 3532 impeditur
984 3422 1113 3530 ‘aliquid
1142 3470 1180 3517 ex
1212 3469 1270 3517 sua
1287 3465 1321 3517 25

144 3567 303 3632 sententia
336 3568 449 3634 iacere.
507 3571 535 3632 2.
575 3568 720 3636 Seruitus
751 3576 857 3645 autern
893 3574 942 3636 est
970 3543 1157 3637 ¹constitutio
1192 3571 1270 3638 iuris

144 3687 303 3768 gentium,
327 3706 390 3768 qua
413 3690 483 3772 quia
506 3690 643 3755 dominio
669 3689 773 3755 alieno
802 3689 956 3755 subicitur
976 3691 1157 3756 contraius
1180 3696 1271 3755 natu·

141 3807 218 3872 rale.
263 3813 377 3872 natura
401 3808 482 3874 enim
506 3827 613 3874 omnes
635 3809 750 3876 liberos
773 3808 897 3892 genuit,
921 3803 1202 3880 bellorum'autem
1224 3805 1280 3880 in?
