3096 4890
353 1203 512 1314 Incipit
543 1232 640 1287 oum
673 1205 766 1288 Deo
797 1205 1016 1287 Institutio
1049 1203 1080 1286 Ι.

642 1425 796 1436 *—

431 1575 477 1639 De
499 1575 621 1639 iustitis
644 1580 676 1638 et
697 1573 776 1640 iure.
822 1574 946 1639 Titulus
971 1578 999 1638 1.

152 1726 300 1792 Iustitiae
323 1725 472 1792 definitio.
516 1727 638 1792 iustitis
661 1733 709 1792 est
731 1735 878 1793 constans
901 1747 937 1794 sc
959 1735 1112 1810 perpetus
1134 1729 1280 1794 uoluntas

257 1848 306 1913 ius
329 1866 420 1912 suum
444 1847 557 1927 cuique
579 1847 749 1912 tribuendi.
793 1846 925 1911 scientia
952 1853 1058 1912 sutem
1086 1849 1163 1912 iuris
1193 1848 1279 1914 notio

250 1972 306 2034 ¹est
333 1966 510 2031 diuinarum
538 1966 808 2048 humanarumque
844 1985 965 2045 rerum,
1000 1967 1074 2030 iusti
1102 1973 1135 2032 et
1161 1967 1279 2032 iniusti.

257 2103 327 2150 cum
350 2083 490 2149 iustitiae
513 2083 724 2150 definitionem
748 2085 962 2160 didicerimus,
986 2086 1024 2150 de
1046 2084 1116 2150 iure
1138 2085 1281 2167 dispiciu-

259 2225 337 2271 mus.
376 2213 425 2270 set
447 2206 522 2287 quid
545 2205 689 2271 estius?
717 2207 747 2272 id
772 2226 809 2273 ex
831 2205 1011 2272 rhetoribus
1034 2214 1067 2272 et
1088 2206 1280 2287 philosophis
1315 2230 1331 2279 5

256 2327 351 2393 simul
373 2335 467 2410 atque
489 2329 567 2394 iuris
590 2329 740 2394 consultis
766 2327 798 2392 in
826 2329 982 2409 prooemio
1012 2327 1203 2407 digestorum
1226 2346 1281 2392 no-

257 2449 358 2522 ueris;
386 2449 460 2514 audi
491 2469 572 2514 nunc
602 2457 707 2515 autern
734 2468 886 2530 quaenam
915 2451 1014 2531 possit
1043 2449 1121 2514 iuris
1150 2449 1281 2514 scientie

256 2569 294 2633 iis
316 2567 371 2650 qui
393 2569 424 2634 in
448 2587 486 2634 ea
508 2587 635 2651 operam
662 2570 850 2634 neusuerint
878 2569 1029 2635 conferre.
1074 2570 1151 2634 iuris
1181 2567 1280 2634 scien·

255 2687 299 2752 tia
327 2693 376 2752 est
397 2687 482 2753 notio
506 2688 682 2752 diuinorum
705 2687 975 2770 humanarumque
997 2669 1113 2766 rerum,
1136 2689 1211 2752 iusti
1233 2693 1280 2752 at·

248 2825 317 2888 ‚que
332 2807 442 2871 iniusti
464 2807 651 2872 intellectus.
679 2808 734 2888 qui
756 2809 838 2871 enim
860 2805 946 2889 leges
968 2808 1065 2888 probe
1087 2807 1177 2872 nouit
1198 2809 1278 2889 piss—
1300 2814 1333 2864 10

256 2943 317 3005 que
340 2926 433 2992 callet
455 2927 695 2991 constitutiones
717 2927 776 2991 scit
798 2926 891 2990 deum
914 2944 983 2991 esse
999 2926 1172 3006 colendum,
1195 2946 1281 2993 eum-

256 3063 318 3126 que
339 3045 475 3112 honoret
497 3093 632 3110 .....

154 3216 239 3282 Scire
262 3222 368 3282 sutem
391 3217 484 3282 debet
505 3216 580 3297 quid
604 3217 645 3281 sit
667 3217 794 3296 iustum,
817 3217 893 3298 quid
908 3218 1068 3293 iniustum,
1092 3232 1207 3296 eosque
1225 3213 1279 3281 ho·

255 3355 368 3403 norere
389 3323 442 3417 oiri
465 3339 582 3401 iustum
598 3336 827 3417 amplectantur
843 3356 896 3402 eos
912 3355 987 3402 uero
1008 3334 1177 3401 secundum
1193 3333 1279 3417 leges

254 3458 366 3540 punire
388 3457 442 3536 qui
464 3457 580 3522 iniuste
602 3462 699 3538 egent
721 3456 771 3522 uel
794 3457 915 3522 nefaria
936 3462 1072 3538 petrent.
1300 3491 1330 3542 15

156 3610 233 3675 Cum
263 3611 413 3677 iustitiam
441 3613 549 3678 etius
577 3612 750 3693 generatim
778 3610 1029 3691 cognoverimus,
1058 3609 1279 3689 incipientibus

255 3733 343 3798 nobis
366 3733 487 3797 romani
510 3732 617 3814 populi
643 3732 715 3798 iure
743 3751 913 3813 exponere,
941 3733 985 3797 ite
1013 3730 1210 3813 potissimum
1232 3728 1280 3793 ui·
