<?xml version="1.0" encoding="UTF-8"?>
<!DOCTYPE html PUBLIC "-//W3C//DTD XHTML 1.0 Transitional//EN"
    "http://www.w3.org/TR/xhtml1/DTD/xhtml1-transitional.dtd">
<html xmlns="http://www.w3.org/1999/xhtml" xml:lang="en" lang="en">
 <head>
  <title>
</title>
<meta http-equiv="Content-Type" content="text/html;charset=utf-8" />
  <meta name='ocr-system' content='tesseract 3.04.00' />
  <meta name='ocr-capabilities' content='ocr_page ocr_carea ocr_par ocr_line ocrx_word'/>
</head>
<body>
  <div class='ocr_page' id='page_1' title='image "./institutionumgr00linggoog_0247.png"; bbox 0 0 2990 4884; ppageno 0'>
   <div class='ocr_carea' id='block_1_1' title="bbox 570 381 801 445">
    <p class='ocr_par' dir='ltr' id='par_1_1' title="bbox 570 381 801 445">
     <span class='ocr_line' id='line_1_1' title="bbox 570 381 801 445; baseline 0 -1"><span class='ocrx_word' id='word_1_1' title='bbox 570 381 801 445; x_wconf 77' lang='lat'>-107-</span> 
     </span>
    </p>
   </div>
   <div class='ocr_carea' id='block_1_2' title="bbox 80 562 1297 3519">
    <p class='ocr_par' dir='ltr' id='par_1_2' title="bbox 80 562 1297 3519">
     <span class='ocr_line' id='line_1_2' title="bbox 121 562 1242 652; baseline 0.003 -20"><span class='ocrx_word' id='word_1_2' title='bbox 121 572 173 632; x_wconf 83' lang='lat' dir='ltr'><strong>tas</strong></span> <span class='ocrx_word' id='word_1_3' title='bbox 195 562 435 636; x_wconf 83' lang='lat' dir='ltr'><strong>Sabiuiuuorum</strong></span> <span class='ocrx_word' id='word_1_4' title='bbox 458 573 492 634; x_wconf 90' lang='lat' dir='ltr'><strong>et</strong></span> <span class='ocrx_word' id='word_1_5' title='bbox 511 565 778 634; x_wconf 87' lang='lat' dir='ltr'><strong>Proculicnnrnm.</strong></span> <span class='ocrx_word' id='word_1_6' title='bbox 821 565 1002 636; x_wconf 73' lang='lat' dir='ltr'><strong>Proculiani</strong></span> <span class='ocrx_word' id='word_1_7' title='bbox 1024 565 1168 634; x_wconf 86' lang='lat' dir='ltr'><strong>dicebant</strong></span> <span class='ocrx_word' id='word_1_8' title='bbox 1189 567 1242 652; x_wconf 80' lang='lat' dir='ltr'><strong>qui</strong></span> 
     </span>
     <span class='ocr_line' id='line_1_3' title="bbox 121 684 1242 770; baseline 0 -18"><span class='ocrx_word' id='word_1_9' title='bbox 121 687 260 769; x_wconf 88' lang='lat' dir='ltr'><strong>speciem</strong></span> <span class='ocrx_word' id='word_1_10' title='bbox 282 688 407 768; x_wconf 83' lang='lat' dir='ltr'><strong>parauit</strong></span> <span class='ocrx_word' id='word_1_11' title='bbox 426 705 496 754; x_wconf 91' lang='lat' dir='ltr'><strong>eum</strong></span> <span class='ocrx_word' id='word_1_12' title='bbox 524 687 639 770; x_wconf 86' lang='lat' dir='ltr'><strong>speciei</strong></span> <span class='ocrx_word' id='word_1_13' title='bbox 661 687 819 754; x_wconf 88' lang='lat' dir='ltr'><strong>dominam</strong></span> <span class='ocrx_word' id='word_1_14' title='bbox 841 684 926 766; x_wconf 85' lang='lat' dir='ltr'><strong>dori,</strong></span> <span class='ocrx_word' id='word_1_15' title='bbox 950 685 1110 754; x_wconf 84' lang='lat' dir='ltr'><strong>Sabiniani</strong></span> <span class='ocrx_word' id='word_1_16' title='bbox 1137 691 1242 754; x_wconf 85' lang='lat' dir='ltr'><strong>autem</strong></span> 
     </span>
     <span class='ocr_line' id='line_1_4' title="bbox 122 793 1242 890; baseline 0 -18"><span class='ocrx_word' id='word_1_17' title='bbox 122 808 178 887; x_wconf 86' lang='lat' dir='ltr'><strong>qui</strong></span> <span class='ocrx_word' id='word_1_18' title='bbox 197 793 347 872; x_wconf 85' lang='lat' dir='ltr'><strong>materiae</strong></span> <span class='ocrx_word' id='word_1_19' title='bbox 366 807 511 874; x_wconf 91' lang='lat' dir='ltr'><strong>dominus</strong></span> <span class='ocrx_word' id='word_1_20' title='bbox 532 813 616 874; x_wconf 88' lang='lat' dir='ltr'><strong>esset</strong></span> <span class='ocrx_word' id='word_1_21' title='bbox 634 827 704 874; x_wconf 89' lang='lat' dir='ltr'><strong>eum</strong></span> <span class='ocrx_word' id='word_1_22' title='bbox 723 806 837 888; x_wconf 90' lang='lat' dir='ltr'><strong>speciei</strong></span> <span class='ocrx_word' id='word_1_23' title='bbox 856 825 981 889; x_wconf 84' lang='lat' dir='ltr'><strong>quoque</strong></span> <span class='ocrx_word' id='word_1_24' title='bbox 1001 804 1242 890; x_wconf 75' lang='lat' dir='ltr'><strong>proprietarium</strong></span> 
     </span>
     <span class='ocr_line' id='line_1_5' title="bbox 121 925 1244 1010; baseline 0.001 -19"><span class='ocrx_word' id='word_1_25' title='bbox 121 944 192 991; x_wconf 91' lang='lat' dir='ltr'><strong>csse</strong></span> <span class='ocrx_word' id='word_1_26' title='bbox 208 926 365 992; x_wconf 88' lang='lat' dir='ltr'><strong>uolebant.</strong></span> <span class='ocrx_word' id='word_1_27' title='bbox 389 927 483 994; x_wconf 88' lang='lat' dir='ltr'><strong>tertio</strong></span> <span class='ocrx_word' id='word_1_28' title='bbox 499 933 605 994; x_wconf 87' lang='lat' dir='ltr'><strong>autem</strong></span> <span class='ocrx_word' id='word_1_29' title='bbox 619 925 847 1010; x_wconf 84' lang='lat' dir='ltr'><strong>quodammodo</strong></span> <span class='ocrx_word' id='word_1_30' title='bbox 863 927 964 992; x_wconf 86' lang='lat' dir='ltr'><strong>media</strong></span> <span class='ocrx_word' id='word_1_31' title='bbox 979 926 1134 994; x_wconf 86' lang='lat' dir='ltr'><strong>sententio</strong></span> <span class='ocrx_word' id='word_1_32' title='bbox 1156 927 1244 992; x_wconf 89' lang='lat' dir='ltr'><strong>iuua-</strong></span> 
     </span>
     <span class='ocr_line' id='line_1_6' title="bbox 121 1043 1297 1128; baseline -0.001 -17"><span class='ocrx_word' id='word_1_33' title='bbox 121 1045 190 1124; x_wconf 89' lang='lat' dir='ltr'><strong>luit,</strong></span> <span class='ocrx_word' id='word_1_34' title='bbox 214 1063 296 1126; x_wconf 87' lang='lat' dir='ltr'><strong>quae</strong></span> <span class='ocrx_word' id='word_1_35' title='bbox 319 1045 410 1113; x_wconf 88' lang='lat' dir='ltr'><strong>modo</strong></span> <span class='ocrx_word' id='word_1_36' title='bbox 425 1043 603 1114; x_wconf 81' lang='lat' dir='ltr'><strong>Sabinianis</strong></span> <span class='ocrx_word' id='word_1_37' title='bbox 625 1044 717 1112; x_wconf 88' lang='lat' dir='ltr'><strong>modo</strong></span> <span class='ocrx_word' id='word_1_38' title='bbox 740 1043 933 1114; x_wconf 89' lang='lat' dir='ltr'><strong>Proculiauis</strong></span> <span class='ocrx_word' id='word_1_39' title='bbox 954 1044 1092 1123; x_wconf 84' lang='lat' dir='ltr'><strong>fauebat,</strong></span> <span class='ocrx_word' id='word_1_40' title='bbox 1115 1063 1197 1128; x_wconf 69' lang='lat' dir='ltr'><strong>quae</strong></span> <span class='ocrx_word' id='word_1_41' title='bbox 1211 1050 1245 1114; x_wconf 87' lang='lat' dir='ltr'><strong>et</strong></span> <span class='ocrx_word' id='word_1_42' title='bbox 1280 1046 1297 1097; x_wconf 80' lang='lat'><strong>5</strong></span> 
     </span>
     <span class='ocr_line' id='line_1_7' title="bbox 122 1164 1244 1248; baseline -0.004 -16"><span class='ocrx_word' id='word_1_43' title='bbox 122 1166 263 1248; x_wconf 89' lang='lat' dir='ltr'><strong>piissimo</strong></span> <span class='ocrx_word' id='word_1_44' title='bbox 285 1164 416 1248; x_wconf 85' lang='lat' dir='ltr'><strong>principi</strong></span> <span class='ocrx_word' id='word_1_45' title='bbox 439 1171 547 1234; x_wconf 90' lang='lat' dir='ltr'><strong>nostro</strong></span> <span class='ocrx_word' id='word_1_46' title='bbox 568 1165 695 1248; x_wconf 86' lang='lat' dir='ltr'><strong>placuit</strong></span> <span class='ocrx_word' id='word_1_47' title='bbox 732 1181 814 1246; x_wconf 84' lang='lat' dir='ltr'><strong>qrrae</strong></span> <span class='ocrx_word' id='word_1_48' title='bbox 836 1165 991 1234; x_wconf 87' lang='lat' dir='ltr'><strong>sententia</strong></span> <span class='ocrx_word' id='word_1_49' title='bbox 1012 1165 1058 1230; x_wconf 85' lang='lat' dir='ltr'><strong>itu</strong></span> <span class='ocrx_word' id='word_1_50' title='bbox 1079 1183 1113 1232; x_wconf 85' lang='lat' dir='ltr'><strong>sc</strong></span> <span class='ocrx_word' id='word_1_51' title='bbox 1134 1164 1244 1230; x_wconf 88' lang='lat' dir='ltr'><strong>habet:</strong></span> 
     </span>
     <span class='ocr_line' id='line_1_8' title="bbox 122 1282 1246 1368; baseline -0.001 -18"><span class='ocrx_word' id='word_1_52' title='bbox 122 1285 211 1352; x_wconf 78' lang='lat' dir='ltr'><strong>dea</strong></span> <span class='ocrx_word' id='word_1_53' title='bbox 233 1286 354 1368; x_wconf 86' lang='lat' dir='ltr'><strong>specics</strong></span> <span class='ocrx_word' id='word_1_54' title='bbox 375 1302 457 1367; x_wconf 87' lang='lat' dir='ltr'><strong>quae</strong></span> <span class='ocrx_word' id='word_1_55' title='bbox 479 1290 590 1367; x_wconf 86' lang='lat' dir='ltr'><strong>parata</strong></span> <span class='ocrx_word' id='word_1_56' title='bbox 619 1291 668 1352; x_wconf 87' lang='lat' dir='ltr'><strong>est</strong></span> <span class='ocrx_word' id='word_1_57' title='bbox 696 1284 737 1349; x_wconf 85' lang='lat' dir='ltr'><strong>ad</strong></span> <span class='ocrx_word' id='word_1_58' title='bbox 763 1282 927 1367; x_wconf 76' lang='lat' dir='ltr'><strong>pristinam</strong></span> <span class='ocrx_word' id='word_1_59' title='bbox 956 1283 1134 1363; x_wconf 65' lang='lat' dir='ltr'><strong>maurium,</strong></span> <span class='ocrx_word' id='word_1_60' title='bbox 1160 1283 1246 1350; x_wconf 93' lang='lat' dir='ltr'><strong>unde</strong></span> 
     </span>
     <span class='ocr_line' id='line_1_9' title="bbox 122 1403 1245 1492; baseline 0.003 -23"><span class='ocrx_word' id='word_1_61' title='bbox 122 1403 206 1470; x_wconf 84' lang='lat' dir='ltr'><strong>iacta</strong></span> <span class='ocrx_word' id='word_1_62' title='bbox 230 1412 289 1482; x_wconf 85' lang='lat' dir='ltr'><strong>cst,</strong></span> <span class='ocrx_word' id='word_1_63' title='bbox 312 1405 418 1472; x_wconf 82' lang='lat' dir='ltr'><strong>reduci</strong></span> <span class='ocrx_word' id='word_1_64' title='bbox 440 1412 553 1489; x_wconf 87' lang='lat' dir='ltr'><strong>potest,</strong></span> <span class='ocrx_word' id='word_1_65' title='bbox 577 1407 726 1492; x_wconf 82' lang='lat' dir='ltr'><strong>materiae</strong></span> <span class='ocrx_word' id='word_1_66' title='bbox 748 1408 892 1473; x_wconf 90' lang='lat' dir='ltr'><strong>dominus</strong></span> <span class='ocrx_word' id='word_1_67' title='bbox 914 1407 1029 1489; x_wconf 89' lang='lat' dir='ltr'><strong>speciei</strong></span> <span class='ocrx_word' id='word_1_68' title='bbox 1044 1419 1169 1488; x_wconf 87' lang='lat' dir='ltr'><strong>quoquc</strong></span> <span class='ocrx_word' id='word_1_69' title='bbox 1184 1405 1245 1472; x_wconf 89' lang='lat' dir='ltr'><strong>erit</strong></span> 
     </span>
     <span class='ocr_line' id='line_1_10' title="bbox 122 1524 1244 1609; baseline 0.001 -21"><span class='ocrx_word' id='word_1_70' title='bbox 122 1524 282 1598; x_wconf 66' lang='lat' dir='ltr'><strong>dominum</strong></span> <span class='ocrx_word' id='word_1_71' title='bbox 308 1524 356 1591; x_wconf 92' lang='lat' dir='ltr'><strong>sin</strong></span> <span class='ocrx_word' id='word_1_72' title='bbox 384 1530 490 1592; x_wconf 88' lang='lat' dir='ltr'><strong>autem</strong></span> <span class='ocrx_word' id='word_1_73' title='bbox 519 1526 638 1609; x_wconf 89' lang='lat' dir='ltr'><strong>species</strong></span> <span class='ocrx_word' id='word_1_74' title='bbox 671 1525 710 1592; x_wconf 88' lang='lat' dir='ltr'><strong>ud</strong></span> <span class='ocrx_word' id='word_1_75' title='bbox 740 1525 904 1608; x_wconf 84' lang='lat' dir='ltr'><strong>pristinam</strong></span> <span class='ocrx_word' id='word_1_76' title='bbox 933 1526 1098 1590; x_wconf 82' lang='lat' dir='ltr'><strong>materiam</strong></span> <span class='ocrx_word' id='word_1_77' title='bbox 1127 1526 1244 1591; x_wconf 90' lang='lat' dir='ltr'><strong>reuerti</strong></span> 
     </span>
     <span class='ocr_line' id='line_1_11' title="bbox 122 1643 1296 1727; baseline 0.003 -19"><span class='ocrx_word' id='word_1_78' title='bbox 122 1645 249 1727; x_wconf 88' lang='lat' dir='ltr'><strong>nequit,</strong></span> <span class='ocrx_word' id='word_1_79' title='bbox 273 1644 328 1726; x_wconf 92' lang='lat' dir='ltr'><strong>qui</strong></span> <span class='ocrx_word' id='word_1_80' title='bbox 355 1645 489 1727; x_wconf 90' lang='lat' dir='ltr'><strong>speciem</strong></span> <span class='ocrx_word' id='word_1_81' title='bbox 520 1645 666 1724; x_wconf 86' lang='lat' dir='ltr'><strong>coniecit,</strong></span> <span class='ocrx_word' id='word_1_82' title='bbox 692 1645 721 1710; x_wconf 91' lang='lat' dir='ltr'><strong>is</strong></span> <span class='ocrx_word' id='word_1_83' title='bbox 750 1645 889 1712; x_wconf 88' lang='lat' dir='ltr'><strong>eiusdem</strong></span> <span class='ocrx_word' id='word_1_84' title='bbox 917 1643 1062 1711; x_wconf 88' lang='lat' dir='ltr'><strong>dominus</strong></span> <span class='ocrx_word' id='word_1_85' title='bbox 1089 1645 1159 1710; x_wconf 90' lang='lat' dir='ltr'><strong>erit</strong></span> <span class='ocrx_word' id='word_1_86' title='bbox 1208 1650 1245 1712; x_wconf 91' lang='lat' dir='ltr'><strong>ut</strong></span> <span class='ocrx_word' id='word_1_87' title='bbox 1265 1649 1296 1702; x_wconf 90' lang='lat'><strong>1⁰</strong></span> 
     </span>
     <span class='ocr_line' id='line_1_12' title="bbox 123 1763 1245 1848; baseline 0.003 -19"><span class='ocrx_word' id='word_1_88' title='bbox 123 1783 204 1842; x_wconf 86' lang='lat' dir='ltr'><strong>ecce,</strong></span> <span class='ocrx_word' id='word_1_89' title='bbox 228 1765 360 1847; x_wconf 86' lang='lat' dir='ltr'><strong>exempli</strong></span> <span class='ocrx_word' id='word_1_90' title='bbox 381 1767 494 1848; x_wconf 71' lang='lat' dir='ltr'><strong>gratia</strong></span> <span class='ocrx_word' id='word_1_91' title='bbox 516 1784 554 1832; x_wconf 86' lang='lat' dir='ltr'><strong>cx</strong></span> <span class='ocrx_word' id='word_1_92' title='bbox 575 1782 678 1834; x_wconf 83' lang='lat' dir='ltr'><strong>massa</strong></span> <span class='ocrx_word' id='word_1_93' title='bbox 700 1767 782 1832; x_wconf 86' lang='lat' dir='ltr'><strong>aeris</strong></span> <span class='ocrx_word' id='word_1_94' title='bbox 804 1764 855 1833; x_wconf 91' lang='lat' dir='ltr'><strong>uel</strong></span> <span class='ocrx_word' id='word_1_95' title='bbox 877 1765 1000 1846; x_wconf 81' lang='lat' dir='ltr'><strong>argenti</strong></span> <span class='ocrx_word' id='word_1_96' title='bbox 1022 1763 1074 1831; x_wconf 90' lang='lat' dir='ltr'><strong>uel</strong></span> <span class='ocrx_word' id='word_1_97' title='bbox 1095 1765 1166 1831; x_wconf 87' lang='lat' dir='ltr'><strong>auri</strong></span> <span class='ocrx_word' id='word_1_98' title='bbox 1187 1782 1245 1832; x_wconf 84' lang='lat' dir='ltr'><strong>uos</strong></span> 
     </span>
     <span class='ocr_line' id='line_1_13' title="bbox 123 1881 1244 1968; baseline -0.004 -18"><span class='ocrx_word' id='word_1_99' title='bbox 123 1881 291 1950; x_wconf 87' lang='lat' dir='ltr'><strong>conflatum</strong></span> <span class='ocrx_word' id='word_1_100' title='bbox 313 1891 418 1968; x_wconf 87' lang='lat' dir='ltr'><strong>potest</strong></span> <span class='ocrx_word' id='word_1_101' title='bbox 440 1886 480 1952; x_wconf 88' lang='lat' dir='ltr'><strong>ad</strong></span> <span class='ocrx_word' id='word_1_102' title='bbox 502 1884 667 1968; x_wconf 89' lang='lat' dir='ltr'><strong>pristinam</strong></span> <span class='ocrx_word' id='word_1_103' title='bbox 689 1903 824 1952; x_wconf 90' lang='lat' dir='ltr'><strong>massam</strong></span> <span class='ocrx_word' id='word_1_104' title='bbox 854 1885 936 1952; x_wconf 79' lang='lat' dir='ltr'><strong>oens</strong></span> <span class='ocrx_word' id='word_1_105' title='bbox 965 1885 1016 1952; x_wconf 92' lang='lat' dir='ltr'><strong>uel</strong></span> <span class='ocrx_word' id='word_1_106' title='bbox 1044 1884 1167 1966; x_wconf 82' lang='lat' dir='ltr'><strong>argenti</strong></span> <span class='ocrx_word' id='word_1_107' title='bbox 1193 1881 1244 1950; x_wconf 91' lang='lat' dir='ltr'><strong>uel</strong></span> 
     </span>
     <span class='ocr_line' id='line_1_14' title="bbox 123 2001 1245 2086; baseline -0.001 -18"><span class='ocrx_word' id='word_1_108' title='bbox 123 2003 192 2070; x_wconf 90' lang='lat' dir='ltr'><strong>auri</strong></span> <span class='ocrx_word' id='word_1_109' title='bbox 215 2003 333 2086; x_wconf 78' lang='lat' dir='ltr'><strong>redigi:</strong></span> <span class='ocrx_word' id='word_1_110' title='bbox 355 2005 465 2070; x_wconf 90' lang='lat' dir='ltr'><strong>uinum</strong></span> <span class='ocrx_word' id='word_1_111' title='bbox 487 2011 592 2072; x_wconf 86' lang='lat' dir='ltr'><strong>autem</strong></span> <span class='ocrx_word' id='word_1_112' title='bbox 615 2004 666 2072; x_wconf 90' lang='lat' dir='ltr'><strong>uel</strong></span> <span class='ocrx_word' id='word_1_113' title='bbox 687 2005 790 2072; x_wconf 89' lang='lat' dir='ltr'><strong>oleum</strong></span> <span class='ocrx_word' id='word_1_114' title='bbox 811 2005 864 2072; x_wconf 88' lang='lat' dir='ltr'><strong>uel</strong></span> <span class='ocrx_word' id='word_1_115' title='bbox 891 2004 1081 2072; x_wconf 83' lang='lat' dir='ltr'><strong>frumentum</strong></span> <span class='ocrx_word' id='word_1_116' title='bbox 1103 2001 1144 2068; x_wconf 89' lang='lat' dir='ltr'><strong>ad</strong></span> <span class='ocrx_word' id='word_1_117' title='bbox 1165 2017 1245 2068; x_wconf 87' lang='lat' dir='ltr'><strong>uuas</strong></span> 
     </span>
     <span class='ocr_line' id='line_1_15' title="bbox 123 2121 1245 2207; baseline 0.001 -20"><span class='ocrx_word' id='word_1_118' title='bbox 123 2123 174 2189; x_wconf 87' lang='lat' dir='ltr'><strong>nul</strong></span> <span class='ocrx_word' id='word_1_119' title='bbox 195 2122 298 2189; x_wconf 86' lang='lat' dir='ltr'><strong>oliuae</strong></span> <span class='ocrx_word' id='word_1_120' title='bbox 319 2123 370 2190; x_wconf 91' lang='lat' dir='ltr'><strong>uel</strong></span> <span class='ocrx_word' id='word_1_121' title='bbox 392 2124 494 2207; x_wconf 87' lang='lat' dir='ltr'><strong>spicas</strong></span> <span class='ocrx_word' id='word_1_122' title='bbox 516 2123 633 2190; x_wconf 84' lang='lat' dir='ltr'><strong>reuerti</strong></span> <span class='ocrx_word' id='word_1_123' title='bbox 661 2124 783 2207; x_wconf 90' lang='lat' dir='ltr'><strong>nequit,</strong></span> <span class='ocrx_word' id='word_1_124' title='bbox 813 2128 863 2190; x_wconf 91' lang='lat' dir='ltr'><strong>set</strong></span> <span class='ocrx_word' id='word_1_125' title='bbox 891 2141 930 2189; x_wconf 91' lang='lat' dir='ltr'><strong>ne</strong></span> <span class='ocrx_word' id='word_1_126' title='bbox 956 2124 1091 2191; x_wconf 91' lang='lat' dir='ltr'><strong>mulsum</strong></span> <span class='ocrx_word' id='word_1_127' title='bbox 1119 2121 1245 2204; x_wconf 86' lang='lat' dir='ltr'><strong>quidem</strong></span> 
     </span>
     <span class='ocr_line' id='line_1_16' title="bbox 124 2241 1296 2328; baseline -0.004 -20"><span class='ocrx_word' id='word_1_128' title='bbox 124 2243 163 2308; x_wconf 85' lang='lat' dir='ltr'><strong>ud</strong></span> <span class='ocrx_word' id='word_1_129' title='bbox 185 2244 296 2309; x_wconf 91' lang='lat' dir='ltr'><strong>uinum</strong></span> <span class='ocrx_word' id='word_1_130' title='bbox 318 2249 350 2310; x_wconf 86' lang='lat' dir='ltr'><strong>et</strong></span> <span class='ocrx_word' id='word_1_131' title='bbox 371 2244 433 2310; x_wconf 87' lang='lat' dir='ltr'><strong>mel</strong></span> <span class='ocrx_word' id='word_1_132' title='bbox 453 2243 571 2310; x_wconf 90' lang='lat' dir='ltr'><strong>resolui</strong></span> <span class='ocrx_word' id='word_1_133' title='bbox 592 2250 706 2328; x_wconf 84' lang='lat' dir='ltr'><strong>potest</strong></span> <span class='ocrx_word' id='word_1_134' title='bbox 750 2245 828 2311; x_wconf 88' lang='lat' dir='ltr'><strong>hoec</strong></span> <span class='ocrx_word' id='word_1_135' title='bbox 854 2263 931 2310; x_wconf 89' lang='lat' dir='ltr'><strong>uero</strong></span> <span class='ocrx_word' id='word_1_136' title='bbox 961 2245 988 2310; x_wconf 92' lang='lat' dir='ltr'><strong>si</strong></span> <span class='ocrx_word' id='word_1_137' title='bbox 1016 2248 1084 2309; x_wconf 89' lang='lat' dir='ltr'><strong>tota</strong></span> <span class='ocrx_word' id='word_1_138' title='bbox 1113 2241 1245 2308; x_wconf 88' lang='lat' dir='ltr'><strong>materia</strong></span> <span class='ocrx_word' id='word_1_139' title='bbox 1264 2251 1296 2304; x_wconf 87' lang='lat' dir='ltr'><strong>ro</strong></span> 
     </span>
     <span class='ocr_line' id='line_1_17' title="bbox 125 2360 1244 2445; baseline -0.002 -18"><span class='ocrx_word' id='word_1_140' title='bbox 125 2363 226 2429; x_wconf 82' lang='lat' dir='ltr'><strong>aicae</strong></span> <span class='ocrx_word' id='word_1_141' title='bbox 239 2361 350 2429; x_wconf 85' lang='lat' dir='ltr'><strong>fuerit:</strong></span> <span class='ocrx_word' id='word_1_142' title='bbox 366 2381 438 2428; x_wconf 87' lang='lat' dir='ltr'><strong>num</strong></span> <span class='ocrx_word' id='word_1_143' title='bbox 461 2363 488 2428; x_wconf 91' lang='lat' dir='ltr'><strong>si</strong></span> <span class='ocrx_word' id='word_1_144' title='bbox 509 2382 547 2428; x_wconf 84' lang='lat' dir='ltr'><strong>ea</strong></span> <span class='ocrx_word' id='word_1_145' title='bbox 570 2380 639 2429; x_wconf 87' lang='lat' dir='ltr'><strong>mea</strong></span> <span class='ocrx_word' id='word_1_146' title='bbox 660 2369 778 2445; x_wconf 89' lang='lat' dir='ltr'><strong>tuaque</strong></span> <span class='ocrx_word' id='word_1_147' title='bbox 801 2363 933 2430; x_wconf 86' lang='lat' dir='ltr'><strong>materia</strong></span> <span class='ocrx_word' id='word_1_148' title='bbox 953 2363 1087 2444; x_wconf 90' lang='lat' dir='ltr'><strong>speciem</strong></span> <span class='ocrx_word' id='word_1_149' title='bbox 1107 2360 1244 2438; x_wconf 85' lang='lat' dir='ltr'><strong>fecerim,</strong></span> 
     </span>
     <span class='ocr_line' id='line_1_18' title="bbox 124 2480 1245 2558; baseline 0.002 -12"><span class='ocrx_word' id='word_1_150' title='bbox 124 2481 225 2547; x_wconf 86' lang='lat' dir='ltr'><strong>ueluti</strong></span> <span class='ocrx_word' id='word_1_151' title='bbox 247 2498 285 2546; x_wconf 87' lang='lat' dir='ltr'><strong>ex</strong></span> <span class='ocrx_word' id='word_1_152' title='bbox 306 2481 381 2546; x_wconf 92' lang='lat' dir='ltr'><strong>uino</strong></span> <span class='ocrx_word' id='word_1_153' title='bbox 403 2499 472 2548; x_wconf 90' lang='lat' dir='ltr'><strong>meo</strong></span> <span class='ocrx_word' id='word_1_154' title='bbox 494 2489 526 2548; x_wconf 90' lang='lat' dir='ltr'><strong>ct</strong></span> <span class='ocrx_word' id='word_1_155' title='bbox 549 2489 604 2547; x_wconf 91' lang='lat' dir='ltr'><strong>tuo</strong></span> <span class='ocrx_word' id='word_1_156' title='bbox 626 2480 717 2548; x_wconf 91' lang='lat' dir='ltr'><strong>mcllc</strong></span> <span class='ocrx_word' id='word_1_157' title='bbox 739 2481 888 2558; x_wconf 91' lang='lat' dir='ltr'><strong>mulsum,</strong></span> <span class='ocrx_word' id='word_1_158' title='bbox 915 2487 972 2548; x_wconf 88' lang='lat' dir='ltr'><strong>aut</strong></span> <span class='ocrx_word' id='word_1_159' title='bbox 1002 2501 1040 2547; x_wconf 86' lang='lat' dir='ltr'><strong>ex</strong></span> <span class='ocrx_word' id='word_1_160' title='bbox 1068 2482 1145 2548; x_wconf 88' lang='lat' dir='ltr'><strong>meis</strong></span> <span class='ocrx_word' id='word_1_161' title='bbox 1167 2480 1245 2548; x_wconf 90' lang='lat' dir='ltr'><strong>tuis·</strong></span> 
     </span>
     <span class='ocr_line' id='line_1_19' title="bbox 126 2599 1245 2683; baseline 0.005 -17"><span class='ocrx_word' id='word_1_162' title='bbox 126 2619 186 2682; x_wconf 86' lang='lat' dir='ltr'><strong>quc</strong></span> <span class='ocrx_word' id='word_1_163' title='bbox 207 2599 444 2667; x_wconf 76' lang='lat' dir='ltr'><strong>medicamentis</strong></span> <span class='ocrx_word' id='word_1_164' title='bbox 466 2601 667 2683; x_wconf 81' lang='lat' dir='ltr'><strong>emplastrum</strong></span> <span class='ocrx_word' id='word_1_165' title='bbox 689 2599 742 2669; x_wconf 90' lang='lat' dir='ltr'><strong>ual</strong></span> <span class='ocrx_word' id='word_1_166' title='bbox 764 2600 936 2683; x_wconf 85' lang='lat' dir='ltr'><strong>collyrium,</strong></span> <span class='ocrx_word' id='word_1_167' title='bbox 958 2607 1013 2667; x_wconf 85' lang='lat' dir='ltr'><strong>aut</strong></span> <span class='ocrx_word' id='word_1_168' title='bbox 1032 2620 1071 2670; x_wconf 88' lang='lat' dir='ltr'><strong>cx</strong></span> <span class='ocrx_word' id='word_1_169' title='bbox 1085 2617 1156 2667; x_wconf 88' lang='lat' dir='ltr'><strong>urea</strong></span> <span class='ocrx_word' id='word_1_170' title='bbox 1176 2607 1245 2672; x_wconf 79' lang='lat' dir='ltr'><strong>tua-</strong></span> 
     </span>
     <span class='ocr_line' id='line_1_20' title="bbox 125 2719 1245 2805; baseline -0.004 -17"><span class='ocrx_word' id='word_1_171' title='bbox 125 2738 185 2801; x_wconf 84' lang='lat' dir='ltr'><strong>que</strong></span> <span class='ocrx_word' id='word_1_172' title='bbox 206 2720 279 2785; x_wconf 87' lang='lat' dir='ltr'><strong>lana</strong></span> <span class='ocrx_word' id='word_1_173' title='bbox 300 2725 431 2796; x_wconf 87' lang='lat' dir='ltr'><strong>uestem,</strong></span> <span class='ocrx_word' id='word_1_174' title='bbox 455 2719 661 2786; x_wconf 87' lang='lat' dir='ltr'><strong>dubitandum</strong></span> <span class='ocrx_word' id='word_1_175' title='bbox 683 2739 745 2786; x_wconf 92' lang='lat' dir='ltr'><strong>non</strong></span> <span class='ocrx_word' id='word_1_176' title='bbox 768 2725 817 2786; x_wconf 91' lang='lat' dir='ltr'><strong>cst</strong></span> <span class='ocrx_word' id='word_1_177' title='bbox 831 2720 906 2805; x_wconf 84' lang='lat' dir='ltr'><strong>quin</strong></span> <span class='ocrx_word' id='word_1_178' title='bbox 927 2721 959 2786; x_wconf 91' lang='lat' dir='ltr'><strong>in</strong></span> <span class='ocrx_word' id='word_1_179' title='bbox 987 2721 1046 2788; x_wconf 86' lang='lat' dir='ltr'><strong>lroc</strong></span> <span class='ocrx_word' id='word_1_180' title='bbox 1067 2738 1141 2787; x_wconf 87' lang='lat' dir='ltr'><strong>casu</strong></span> <span class='ocrx_word' id='word_1_181' title='bbox 1163 2721 1189 2785; x_wconf 90' lang='lat' dir='ltr'><strong>is</strong></span> <span class='ocrx_word' id='word_1_182' title='bbox 1203 2720 1245 2786; x_wconf 89' lang='lat' dir='ltr'><strong>ait</strong></span> 
     </span>
     <span class='ocr_line' id='line_1_21' title="bbox 126 2835 1297 2923; baseline 0.001 -19"><span class='ocrx_word' id='word_1_183' title='bbox 126 2840 269 2906; x_wconf 90' lang='lat' dir='ltr'><strong>dominus</strong></span> <span class='ocrx_word' id='word_1_184' title='bbox 291 2838 346 2922; x_wconf 90' lang='lat' dir='ltr'><strong>qui</strong></span> <span class='ocrx_word' id='word_1_185' title='bbox 366 2835 492 2917; x_wconf 86' lang='lat' dir='ltr'><strong>iecerit,</strong></span> <span class='ocrx_word' id='word_1_186' title='bbox 520 2857 580 2905; x_wconf 91' lang='lat' dir='ltr'><strong>non</strong></span> <span class='ocrx_word' id='word_1_187' title='bbox 609 2839 709 2906; x_wconf 90' lang='lat' dir='ltr'><strong>solnm</strong></span> <span class='ocrx_word' id='word_1_188' title='bbox 732 2841 814 2906; x_wconf 89' lang='lat' dir='ltr'><strong>enlm</strong></span> <span class='ocrx_word' id='word_1_189' title='bbox 835 2841 876 2908; x_wconf 84' lang='lat' dir='ltr'><strong>ad</strong></span> <span class='ocrx_word' id='word_1_190' title='bbox 898 2840 1032 2923; x_wconf 89' lang='lat' dir='ltr'><strong>speciem</strong></span> <span class='ocrx_word' id='word_1_191' title='bbox 1051 2838 1244 2907; x_wconf 88' lang='lat' dir='ltr'><strong>efficiendam</strong></span> <span class='ocrx_word' id='word_1_192' title='bbox 1261 2838 1297 2890; x_wconf 74' lang='lat'><strong>2⁰</strong></span> 
     </span>
     <span class='ocr_line' id='line_1_22' title="bbox 80 2958 1243 3043; baseline -0.001 -20"><span class='ocrx_word' id='word_1_193' title='bbox 80 2960 118 3012; x_wconf 75' lang='lat'><strong>26·</strong></span> <span class='ocrx_word' id='word_1_194' title='bbox 126 2977 251 3041; x_wconf 89' lang='lat' dir='ltr'><strong>operam</strong></span> <span class='ocrx_word' id='word_1_195' title='bbox 274 2976 362 3023; x_wconf 89' lang='lat' dir='ltr'><strong>suam</strong></span> <span class='ocrx_word' id='word_1_196' title='bbox 386 2958 486 3033; x_wconf 85' lang='lat' dir='ltr'><strong>dedit,</strong></span> <span class='ocrx_word' id='word_1_197' title='bbox 509 2963 557 3025; x_wconf 88' lang='lat' dir='ltr'><strong>set</strong></span> <span class='ocrx_word' id='word_1_198' title='bbox 583 2963 616 3026; x_wconf 89' lang='lat' dir='ltr'><strong>et</strong></span> <span class='ocrx_word' id='word_1_199' title='bbox 643 2965 765 3042; x_wconf 89' lang='lat' dir='ltr'><strong>partem</strong></span> <span class='ocrx_word' id='word_1_200' title='bbox 794 2959 943 3027; x_wconf 83' lang='lat' dir='ltr'><strong>materiae</strong></span> <span class='ocrx_word' id='word_1_201' title='bbox 964 2959 1148 3043; x_wconf 87' lang='lat' dir='ltr'><strong>praestauit</strong></span> <span class='ocrx_word' id='word_1_202' title='bbox 1193 2959 1243 3023; x_wconf 80' lang='lat'><strong>26.</strong></span> 
     </span>
     <span class='ocr_line' id='line_1_23' title="bbox 126 3075 1245 3164; baseline -0.001 -22"><span class='ocrx_word' id='word_1_203' title='bbox 126 3075 157 3143; x_wconf 86' lang='lat' dir='ltr'><strong>si</strong></span> <span class='ocrx_word' id='word_1_204' title='bbox 178 3078 252 3164; x_wconf 83' lang='lat' dir='ltr'><strong>qrris</strong></span> <span class='ocrx_word' id='word_1_205' title='bbox 273 3097 349 3145; x_wconf 89' lang='lat' dir='ltr'><strong>uero</strong></span> <span class='ocrx_word' id='word_1_206' title='bbox 370 3077 505 3146; x_wconf 74' lang='lat' dir='ltr'><strong>alicam</strong></span> <span class='ocrx_word' id='word_1_207' title='bbox 525 3098 699 3164; x_wconf 87' lang='lat' dir='ltr'><strong>purpuram</strong></span> <span class='ocrx_word' id='word_1_208' title='bbox 721 3097 778 3145; x_wconf 91' lang='lat' dir='ltr'><strong>suo</strong></span> <span class='ocrx_word' id='word_1_209' title='bbox 799 3080 935 3146; x_wconf 83' lang='lat' dir='ltr'><strong>intexuit</strong></span> <span class='ocrx_word' id='word_1_210' title='bbox 954 3081 1150 3160; x_wconf 90' lang='lat' dir='ltr'><strong>uestimento,</strong></span> <span class='ocrx_word' id='word_1_211' title='bbox 1172 3079 1245 3145; x_wconf 88' lang='lat' dir='ltr'><strong>licet</strong></span> 
     </span>
     <span class='ocr_line' id='line_1_24' title="bbox 127 3199 1245 3281; baseline 0.002 -19"><span class='ocrx_word' id='word_1_212' title='bbox 127 3199 247 3265; x_wconf 84' lang='lat' dir='ltr'><strong>adiectu</strong></span> <span class='ocrx_word' id='word_1_213' title='bbox 269 3217 410 3281; x_wconf 89' lang='lat' dir='ltr'><strong>purpura</strong></span> <span class='ocrx_word' id='word_1_214' title='bbox 432 3216 570 3266; x_wconf 89' lang='lat' dir='ltr'><strong>connexo</strong></span> <span class='ocrx_word' id='word_1_215' title='bbox 591 3199 779 3266; x_wconf 89' lang='lat' dir='ltr'><strong>uestimento</strong></span> <span class='ocrx_word' id='word_1_216' title='bbox 800 3199 967 3280; x_wconf 83' lang='lat' dir='ltr'><strong>pretiosior</strong></span> <span class='ocrx_word' id='word_1_217' title='bbox 988 3205 1049 3275; x_wconf 83' lang='lat' dir='ltr'><strong>cst,</strong></span> <span class='ocrx_word' id='word_1_218' title='bbox 1073 3205 1177 3266; x_wconf 86' lang='lat' dir='ltr'><strong>tumen</strong></span> <span class='ocrx_word' id='word_1_219' title='bbox 1198 3215 1245 3264; x_wconf 84' lang='lat' dir='ltr'><strong>aa·</strong></span> 
     </span>
     <span class='ocr_line' id='line_1_25' title="bbox 128 3316 1246 3402; baseline 0 -18"><span class='ocrx_word' id='word_1_220' title='bbox 128 3316 274 3384; x_wconf 86' lang='lat' dir='ltr'><strong>cessionis</strong></span> <span class='ocrx_word' id='word_1_221' title='bbox 295 3318 399 3386; x_wconf 88' lang='lat' dir='ltr'><strong>locum</strong></span> <span class='ocrx_word' id='word_1_222' title='bbox 421 3318 541 3400; x_wconf 90' lang='lat' dir='ltr'><strong>optinet</strong></span> <span class='ocrx_word' id='word_1_223' title='bbox 562 3322 595 3386; x_wconf 89' lang='lat' dir='ltr'><strong>et</strong></span> <span class='ocrx_word' id='word_1_224' title='bbox 622 3337 783 3402; x_wconf 84' lang='lat' dir='ltr'><strong>purpurae</strong></span> <span class='ocrx_word' id='word_1_225' title='bbox 809 3319 952 3386; x_wconf 88' lang='lat' dir='ltr'><strong>dominus</strong></span> <span class='ocrx_word' id='word_1_226' title='bbox 981 3319 1135 3386; x_wconf 80' lang='lat' dir='ltr'><strong>adeamus</strong></span> <span class='ocrx_word' id='word_1_227' title='bbox 1163 3334 1246 3394; x_wconf 83' lang='lat' dir='ltr'><strong>eum,</strong></span> 
     </span>
     <span class='ocr_line' id='line_1_26' title="bbox 127 3434 1297 3519; baseline 0 -17"><span class='ocrx_word' id='word_1_228' title='bbox 127 3438 179 3517; x_wconf 89' lang='lat' dir='ltr'><strong>qui</strong></span> <span class='ocrx_word' id='word_1_229' title='bbox 200 3453 271 3502; x_wconf 87' lang='lat' dir='ltr'><strong>cam</strong></span> <span class='ocrx_word' id='word_1_230' title='bbox 295 3436 453 3519; x_wconf 79' lang='lat' dir='ltr'><strong>subripuit</strong></span> <span class='ocrx_word' id='word_1_231' title='bbox 474 3443 506 3504; x_wconf 90' lang='lat' dir='ltr'><strong>et</strong></span> <span class='ocrx_word' id='word_1_232' title='bbox 527 3439 559 3504; x_wconf 92' lang='lat' dir='ltr'><strong>id</strong></span> <span class='ocrx_word' id='word_1_233' title='bbox 581 3436 665 3516; x_wconf 76' lang='lat' dir='ltr'><strong>iecit,</strong></span> <span class='ocrx_word' id='word_1_234' title='bbox 686 3437 764 3504; x_wconf 83' lang='lat' dir='ltr'><strong>furti</strong></span> <span class='ocrx_word' id='word_1_235' title='bbox 785 3439 938 3506; x_wconf 81' lang='lat' dir='ltr'><strong>audonem</strong></span> <span class='ocrx_word' id='word_1_236' title='bbox 960 3445 993 3506; x_wconf 86' lang='lat' dir='ltr'><strong>ct</strong></span> <span class='ocrx_word' id='word_1_237' title='bbox 1019 3434 1245 3506; x_wconf 90' lang='lat' dir='ltr'><strong>condictionem</strong></span> <span class='ocrx_word' id='word_1_238' title='bbox 1261 3441 1297 3494; x_wconf 73' lang='lat'><strong>25</strong></span> 
     </span>
    </p>
   </div>
   <div class='ocr_carea' id='block_1_3' title="bbox 0 0 1508 4884">
    <p class='ocr_par' dir='ltr' id='par_1_3' title="bbox 0 0 1508 4884">
     <span class='ocr_line' id='line_1_27' title="bbox 0 0 1508 4884; baseline 0 0"><span class='ocrx_word' id='word_1_239' title='bbox 0 0 1508 4884; x_wconf 95' lang='lat' dir='ltr'><strong> </strong></span> 
     </span>
    </p>
   </div>
  </div>
 </body>
</html>
