3078 4882
699 394 931 458 -189-

258 581 305 666 τῷ
325 577 467 664 pupsslcp.
512 578 608 644 ταῦτα
627 581 686 665 μὲν
709 583 780 664 περὶ
802 585 856 666 τῆς
885 576 1058 662 ιἰιιλςετίτιε.
1110 582 1165 666 τήν
1187 579 1390 663 δέρουίῑῑιι-

258 681 329 746 rian
351 681 598 746 ύιτοκατάστασιν
620 684 708 769 ήνίκα
731 704 774 757 τις
794 682 943 765 βούλεται
964 687 1105 745 τυπῶσαι
1128 681 1244 764 λεγέτω
1266 681 1389 757 οὕτως·

259 782 360 848 ἔστω
391 785 507 867 μουύ
541 784 625 860 υἳδς
655 785 919 872 κληρονόμος,
954 783 1020 847 ἐάν
1053 783 1096 846 δὲ
1127 785 1176 869 μή
1210 784 1388 870 γένηται,

259 885 360 950 ἔστω
385 910 458 973 μου
492 889 509 949 ύ
544 887 654 950 δεῖνα
687 887 940 974 κληρονόμος.
986 888 1035 949 καὶ
1054 885 1133 968 μεθ’
1164 885 1181 947 δ
1211 886 1389 972 καταλείφη

224 986 445 1073 5ἐπιτρόπους
473 987 622 1076 ληγάταῙ)
648 987 895 1054 fideic6mmissa
921 987 1114 1079 ἐλευθερίας,
1138 987 1170 1052 ἐν
1194 992 1241 1074 τῷ
1264 993 1351 1052 κάτω
1360 989 1389 1067 ²)

256 1083 348 1177 μέρει
378 1095 434 1178 τής
461 1092 614 1179 διαθήκης
642 1091 679 1154 τὰ
703 1091 832 1180 βήματα
859 1091 1010 1176 γραφέτω
1041 1091 1158 1164 οὕτως·
1193 1091 1258 1155 ἐὰν
1292 1092 1334 1156 δέ
1370 1093 1390 1154 ύ

260 1200 350 1269 παῖς
384 1194 493 1280 μουδ)
527 1195 747 1277 γενόμενος
787 1193 1030 1280 κληρονόμος
1067 1193 1218 1281 άνηβος
1249 1196 1389 1258 τελευ·

260 1299 376 1384 τήση,
398 1296 497 1362 ἔστω
520 1295 680 1360 αότοῡύ
710 1298 820 1359 δεῖνα
849 1297 1103 1382 κληρονόμος.
1154 1297 1203 1359 καὶ
1229 1301 1320 1360 τοῦτο
1351 1299 1390 1359 τὸ

257 1400 356 1486 μέρος
377 1397 521 1474 ἰδιάζοντι
543 1398 615 1483 λίνῳ
639 1400 792 1483 δεσμεὲτιο
815 1401 864 1460 καὶ
882 1398 1033 1472 ἰδιάζοντι
1060 1399 1258 1484 σφραγιζέτω
1285 1401 1390 1483 κηρῷ.

211 1513 242 1564 10
260 1501 293 1566 ἐν
313 1502 418 1587 μέντοι
438 1506 500 1584 τοῖς
523 1501 688 1585 προτέροις
704 1505 757 1586 τῆς
773 1501 925 1587 διαθήκης
937 1501 1048 1584 μέρεσι
1056 1502 1081 1582 ⁴)
1106 1502 1143 1563 τὰ
1162 1501 1288 1588 ῥήματα
1311 1523 1392 1585 γρα-

261 1604 347 1687 φέτω
380 1607 491 1666 ταῦτα·
526 1603 570 1666 οὐ
601 1603 799 1685 βούλομαι
833 1603 872 1664 τό
904 1605 1128 1685 κατώτερον
1160 1602 1287 1686 μέρος
1320 1607 1392 1688 τῆς

260 1704 454 1793 διαθήκης
476 1705 689 1790 ἀνοιγῆναι
713 1706 859 1780 ζῶντός
879 1728 953 1787 μου
987 1708 1050 1768 τοῦ
1081 1705 1224 1781 παιδδς
1247 1707 1306 1768 καὶ
1329 1703 1391 1768 έτι

260 1807 411 1894 ἀνήβου
434 1805 554 1883 ὄντος.
599 1806 682 1870 οὕτω
709 1807 770 1892 γὰρ
801 1807 969 1892 γενομένης
999 1810 1055 1892 τής
1084 1805 1289 1889 ραρὶΙΙατίαε,
1323 1806 1391 1879 έξει

260 1907 296 1972 τδ
319 1909 579 1990 ἀνεπιβούλευτον
600 1911 617 1972 ό
640 1912 725 1985 παῖς·
757 1907 827 1972 ούτε
854 1910 915 1990 γὰρ
949 1910 1110 1991 περιόντος
1133 1907 1229 1973 αὐτοῦ
1254 1908 1309 1972 τοῦ
1332 1933 1392 1972 πα·

212 2029 243 2080 15
262 2013 336 2095 τρδς
357 2011 590 2093 ἐπιβουλεύεται
613 2011 663 2074 διὰ
686 2010 719 2073 τό
742 2015 845 2074 πᾶσαν
867 2010 1043 2074 κεκλεῖσθαι
1060 2013 1112 2096 τήν
1129 2010 1291 2098 διαθήκην,
1315 2009 1391 2074 οὔτε

259 2114 340 2196 μετὰ
362 2114 505 2200 τελευτήν
527 2112 583 2176 τοῦ
598 2113 717 2198 πατρός
732 2113 782 2176 διὰ
798 2115 834 2174 τὸ
850 2113 1030 2192 ἀγνοεῖσθαι
1046 2113 1084 2175 τὰ
1099 2113 1131 2174 ἐν
1154 2116 1191 2198 τή
1212 2112 1391 2200 ραρίΙΙιιτίᾳ

262 2217 505 2280 ύποκαταστάσει
534 2215 743 2298 γεγραμμένα.
788 2213 1003 2297 διατιθέμενός
1033 2238 1076 2290 τις
1101 2217 1151 2278 καὶ
1182 2217 1307 2299 γράψας
1335 2219 1392 2278 τὸν

262 2319 380 2406 ἄνηβον
414 2319 509 2381 παῖδα
540 2318 733 2402 κληρονόμον
767 2314 889 2392 εύθέως
921 2317 1061 2402 ἐπήγαγε
1089 2319 1144 2403 τήν
1179 2317 1391 2402 pupillam,

262 2422 515 2486 ύπακατάστασιν.
573 2419 710 2505 έρρωται
742 2421 799 2504 μὲν
835 2420 926 2482 οὐδὲν
961 2419 1052 2505 ήττον
1080 2422 1099 2506 ή
1129 2420 1390 2498 ύποκατάστασις,

211 2545 245 2596 20
263 2526 338 2610 πλήν
361 2525 379 2585 ό
403 2523 503 2598 οὕτως
528 2523 812 2605 βουλευσάμενοςῦ)
843 2524 931 2586 κάκεῖ
956 2524 1080 2609 γράφας
1108 2525 1163 2608 τήν
1191 2521 1392 2604 pupillarian

263 2625 517 2703 ύποκατάστασιν,
554 2622 633 2686 ἔνθα
667 2625 772 2707 ἑαυτῷ
805 2624 991 2709 ένεστήσατο
1029 2624 1081 2684 τδν
1113 2623 1209 2685 παῖδα
1243 2627 1391 2710 κληρονό·

260 2728 367 2809 μονθ),
397 2726 595 2800 ἐπικινδύνως
622 2727 697 2790 όσον
732 2725 811 2809 πρδς
845 2729 896 2788 τὸν
932 2724 1027 2788 παῖδα
1063 2725 1150 2789 δοκεῖ
1180 2725 1389 2791 διατίθεσθαι.

213 2875 214 2878 ¹
262 2831 293 2892 4.
330 2828 371 2890 θύ
391 2829 487 2912 μόνον
514 2829 716 2914 κληρονόμοις
749 2832 896 2912 γραφεῖσι
924 2829 986 2900 τοῖς
1014 2828 1145 2912 ἀνήβοις
1175 2831 1257 2892 παισὶ
1285 2829 1390 2912 pupil·
1409 2849 1434 2897 4,
1537 2845 1538 2848 ’

262 2929 400 3012 lariwsf)
424 2932 452 2994 οἳ
473 2936 574 3013 γονεῖς
597 2930 806 2994 ύποκαθιστᾶν
829 2930 984 3009 δύνανται,
1005 2929 1081 2995 ἀλλὰ
1103 2931 1164 3014 γὰρ
1186 2933 1237 2994 καὶ
1258 2931 1391 2996 exhere-
1537 2937 1538 2944 ’

211 3055 243 3105 25
263 3031 370 3098 dzitois
400 3029 503 3109 αὐτοῖς
529 3033 722 3117 γενομένοις·
754 3032 867 3114 ὥςτεθ)
897 3031 952 3095 οὖν
983 3033 1034 3094 διὰ
1062 3035 1115 3119 τὴν
1143 3033 1390 3119 ύπεξουσιότητα

263 3137 344 3218 taff)
378 3134 433 3199 ούκ
465 3135 571 3222 ἐπειδή
605 3139 780 3222 γράφονται
808 3133 993 3222 κληρονόμοι
1021 3134 1165 3222 δέχονται
1198 3134 1393 3219 pupillarius

263 3237 549 3311 ύποκαταστάτους·
585 3237 633 3299 διδ
660 3237 710 3299 καὶ
738 3234 961 3299 θκὴοτθδύύοίε
989 3235 1092 3309 καλῶς
1129 3235 1392 3321 ύποκαθιστῶμεν

264 3345 326 3414 τοῖς
348 3339 458 3404 παισίν.
503 3337 572 3402 ἀλλ’
596 3336 660 3426 ἔχει
683 3359 725 3412 τις
748 3336 857 3401 εἶπεῖν·
882 3339 929 3400 καὶ
949 3339 979 3401 τί
1005 3340 1134 3424 λήφεται
1165 3338 1182 3399 ύ
1212 3341 1265 3400 τοῦ
1296 3337 1393 3403 exhe-

262 3441 377 3508 redsstu
398 3441 523 3524 pupsslu
549 3441 817 3520 ύποκατάστατος;
842 3440 976 3526 εροῦμεν
998 3443 1043 3504 ότι
1071 3439 1127 3502 ἐάν
1150 3464 1175 3503 τι
1206 3442 1314 3528 συμβῇ
1343 3445 1391 3526 τῷ

212 3561 246 3612 30
263 3542 395 3628 pupsslq)
425 3545 486 3628 ἀπὸ
518 3544 724 3630 κληρονομίας
757 3542 775 3628 ή
805 3544 945 3629 ληγάτων
976 3543 995 3630 ή
1023 3543 1156 3627 δωρεῶν
1185 3549 1344 3625 συγγενῶν
1371 3544 1392 3630 ἢ

265 3645 419 3731 πατρῴων
442 3646 540 3727 φίλων
562 3644 800 3728 προςγενέσθαι,
825 3644 914 3710 τοῦτο
937 3647 1018 3710 ἅπαν
1048 3647 1128 3731 πρός
1156 3646 1210 3710 τόν
1239 3647 1392 3710 ύποκατά·

266 3769 377 3810 στατον
400 3746 564 3811 ἐλεύσεται.
610 3747 648 3810 τὰ
670 3745 818 3833 εἰρημένα
848 3751 996 3834 περὶτῆς
1020 3749 1305 3825 ύποκαταστάσεως
1328 3755 1391 3812 τῶν

335 3918 356 3981 ¹)
373 3916 463 3983 legfita
480 3914 531 3969 hl.
633 3914 657 3982 θ)
675 3917 825 3985 κακωτέρῳ
844 3917 884 3970 vi.
904 3917 936 3970 R
1040 3919 1063 3984 ³)
1082 3918 1107 3972 d.
1126 3912 1168 3974 Vi.
1189 3917 1221 3973 R.
1318 3920 1342 3983 4)
1360 3919 1391 3968 ἐν

266 4044 271 4055 ,
290 4041 297 4056 .
317 4043 323 4055 .
340 4001 444 4070 ῥήμασι
462 4000 511 4054 L⁶.
682 4002 705 4067 ὅ)
723 3999 893 4066 βουλόμενος
910 4003 951 4055 Μ.
1106 4003 1128 4070 ⁸)
1147 4004 1185 4057 κλ.
1203 4020 1233 4055 τ.
1251 4021 1277 4056 π.
1298 4003 1339 4056 vi.
1358 4003 1391 4057 Ρ.

264 4087 379 4224 'gi-gs
396 4087 434 4142 Μ.
514 4087 536 4151 ⁸)
555 4085 647 4156 ὥςπερ
666 4086 700 4152 ej.
718 4086 750 4140 R.
771 4087 817 4156 [of.
835 4087 921 4141 Gloss.
941 4087 1064 4154 Theoph.
1082 4088 1110 4141 II
1132 4091 1218 4156 1301}
1323 4090 1347 4152 9)
1364 4089 1390 4142 d.
