<?xml version="1.0" encoding="UTF-8"?>
<!DOCTYPE html PUBLIC "-//W3C//DTD XHTML 1.0 Transitional//EN"
    "http://www.w3.org/TR/xhtml1/DTD/xhtml1-transitional.dtd">
<html xmlns="http://www.w3.org/1999/xhtml" xml:lang="en" lang="en">
 <head>
  <title>
</title>
<meta http-equiv="Content-Type" content="text/html;charset=utf-8" />
  <meta name='ocr-system' content='tesseract 3.04.00' />
  <meta name='ocr-capabilities' content='ocr_page ocr_carea ocr_par ocr_line ocrx_word'/>
</head>
<body>
  <div class='ocr_page' id='page_1' title='image "./institutionumgr00linggoog_0333.png"; bbox 0 0 3022 4884; ppageno 0'>
   <div class='ocr_carea' id='block_1_1' title="bbox 554 390 784 455">
    <p class='ocr_par' dir='ltr' id='par_1_1' title="bbox 554 390 784 455">
     <span class='ocr_line' id='line_1_1' title="bbox 554 390 784 455; baseline 0.009 -19"><span class='ocrx_word' id='word_1_1' title='bbox 554 390 784 455; x_wconf 68' lang='lat'>„150-</span> 
     </span>
    </p>
   </div>
   <div class='ocr_carea' id='block_1_2' title="bbox 74 575 1430 3991">
    <p class='ocr_par' dir='ltr' id='par_1_2' title="bbox 74 575 1430 3991">
     <span class='ocr_line' id='line_1_2' title="bbox 113 575 1236 658; baseline 0.001 -16"><span class='ocrx_word' id='word_1_2' title='bbox 113 575 302 658; x_wconf 85' lang='lat' dir='ltr'>praecedere</span> <span class='ocrx_word' id='word_1_3' title='bbox 330 593 457 642; x_wconf 87' lang='lat' dir='ltr'>necesse</span> <span class='ocrx_word' id='word_1_4' title='bbox 484 582 542 642; x_wconf 87' lang='lat' dir='ltr'>est</span> <span class='ocrx_word' id='word_1_5' title='bbox 591 580 624 641; x_wconf 89' lang='lat' dir='ltr'>et</span> <span class='ocrx_word' id='word_1_6' title='bbox 645 577 673 642; x_wconf 85' lang='lat' dir='ltr'>si</span> <span class='ocrx_word' id='word_1_7' title='bbox 693 595 806 643; x_wconf 89' lang='lat' dir='ltr'>seruus</span> <span class='ocrx_word' id='word_1_8' title='bbox 828 594 916 643; x_wconf 90' lang='lat' dir='ltr'>meus</span> <span class='ocrx_word' id='word_1_9' title='bbox 937 577 1025 644; x_wconf 87' lang='lat' dir='ltr'>iussu</span> <span class='ocrx_word' id='word_1_10' title='bbox 1051 595 1121 644; x_wconf 90' lang='lat' dir='ltr'>meo</span> <span class='ocrx_word' id='word_1_11' title='bbox 1141 577 1236 644; x_wconf 89' lang='lat' dir='ltr'>adeat</span> 
     </span>
     <span class='ocr_line' id='line_1_3' title="bbox 112 692 1234 776; baseline 0.004 -17"><span class='ocrx_word' id='word_1_12' title='bbox 112 694 242 776; x_wconf 77' lang='lat' dir='ltr'>perinde</span> <span class='ocrx_word' id='word_1_13' title='bbox 271 693 416 759; x_wconf 91' lang='lat' dir='ltr'>dominus</span> <span class='ocrx_word' id='word_1_14' title='bbox 444 692 517 759; x_wconf 88' lang='lat' dir='ltr'>fiam</span> <span class='ocrx_word' id='word_1_15' title='bbox 544 711 581 760; x_wconf 88' lang='lat' dir='ltr'>ac</span> <span class='ocrx_word' id='word_1_16' title='bbox 609 695 636 759; x_wconf 93' lang='lat' dir='ltr'>si</span> <span class='ocrx_word' id='word_1_17' title='bbox 662 695 729 776; x_wconf 90' lang='lat' dir='ltr'>ipse</span> <span class='ocrx_word' id='word_1_18' title='bbox 756 695 919 760; x_wconf 87' lang='lat' dir='ltr'>institutus</span> <span class='ocrx_word' id='word_1_19' title='bbox 946 695 1014 760; x_wconf 89' lang='lat' dir='ltr'>sim.</span> <span class='ocrx_word' id='word_1_20' title='bbox 1063 700 1096 761; x_wconf 89' lang='lat' dir='ltr'>et</span> <span class='ocrx_word' id='word_1_21' title='bbox 1123 713 1234 763; x_wconf 88' lang='lat' dir='ltr'>conue-</span> 
     </span>
     <span class='ocr_line' id='line_1_4' title="bbox 114 811 1234 896; baseline 0.001 -19"><span class='ocrx_word' id='word_1_22' title='bbox 114 813 235 878; x_wconf 92' lang='lat' dir='ltr'>nienter</span> <span class='ocrx_word' id='word_1_23' title='bbox 264 811 312 876; x_wconf 89' lang='lat' dir='ltr'>his</span> <span class='ocrx_word' id='word_1_24' title='bbox 344 829 426 892; x_wconf 89' lang='lat' dir='ltr'>quae</span> <span class='ocrx_word' id='word_1_25' title='bbox 454 811 598 894; x_wconf 88' lang='lat' dir='ltr'>superius</span> <span class='ocrx_word' id='word_1_26' title='bbox 632 813 850 894; x_wconf 81' lang='lat' dir='ltr'><strong>proposuimus</strong></span> <span class='ocrx_word' id='word_1_27' title='bbox 879 815 974 879; x_wconf 89' lang='lat' dir='ltr'>etiam</span> <span class='ocrx_word' id='word_1_28' title='bbox 1000 812 1106 896; x_wconf 83' lang='lat' dir='ltr'>legata</span> <span class='ocrx_word' id='word_1_29' title='bbox 1133 813 1234 880; x_wconf 90' lang='lat' dir='ltr'>seruis</span> 
     </span>
     <span class='ocr_line' id='line_1_5' title="bbox 113 930 1235 1016; baseline 0.003 -20"><span class='ocrx_word' id='word_1_30' title='bbox 113 931 223 998; x_wconf 88' lang='lat' dir='ltr'>relicta</span> <span class='ocrx_word' id='word_1_31' title='bbox 251 930 341 997; x_wconf 91' lang='lat' dir='ltr'>nobis</span> <span class='ocrx_word' id='word_1_32' title='bbox 367 937 570 1012; x_wconf 86' lang='lat' dir='ltr'>quaeruntur.</span> <span class='ocrx_word' id='word_1_33' title='bbox 622 951 683 998; x_wconf 93' lang='lat' dir='ltr'>non</span> <span class='ocrx_word' id='word_1_34' title='bbox 706 932 806 997; x_wconf 89' lang='lat' dir='ltr'>solum</span> <span class='ocrx_word' id='word_1_35' title='bbox 841 940 946 1002; x_wconf 92' lang='lat' dir='ltr'>autem</span> <span class='ocrx_word' id='word_1_36' title='bbox 975 935 1151 1016; x_wconf 81' lang='lat' dir='ltr'>proprietas</span> <span class='ocrx_word' id='word_1_37' title='bbox 1180 953 1235 1015; x_wconf 90' lang='lat' dir='ltr'>per</span> 
     </span>
     <span class='ocr_line' id='line_1_6' title="bbox 114 1047 1286 1134; baseline 0.001 -18"><span class='ocrx_word' id='word_1_38' title='bbox 114 1068 176 1128; x_wconf 90' lang='lat' dir='ltr'>eos,</span> <span class='ocrx_word' id='word_1_39' title='bbox 200 1066 279 1131; x_wconf 89' lang='lat' dir='ltr'>quos</span> <span class='ocrx_word' id='word_1_40' title='bbox 301 1047 334 1111; x_wconf 93' lang='lat' dir='ltr'>in</span> <span class='ocrx_word' id='word_1_41' title='bbox 356 1053 512 1128; x_wconf 76' lang='lat' dir='ltr'>potestate</span> <span class='ocrx_word' id='word_1_42' title='bbox 535 1049 700 1128; x_wconf 87' lang='lat' dir='ltr'>habemns,</span> <span class='ocrx_word' id='word_1_43' title='bbox 723 1052 813 1118; x_wconf 89' lang='lat' dir='ltr'>nobis</span> <span class='ocrx_word' id='word_1_44' title='bbox 840 1051 1035 1134; x_wconf 80' lang='lat' dir='ltr'>adquiritur,</span> <span class='ocrx_word' id='word_1_45' title='bbox 1061 1059 1110 1118; x_wconf 90' lang='lat' dir='ltr'>set</span> <span class='ocrx_word' id='word_1_46' title='bbox 1139 1053 1235 1120; x_wconf 89' lang='lat' dir='ltr'>etiam</span> <span class='ocrx_word' id='word_1_47' title='bbox 1269 1056 1286 1106; x_wconf 69' lang='grc' dir='ltr'>ὁ</span> 
     </span>
     <span class='ocr_line' id='line_1_7' title="bbox 113 1157 1235 1254; baseline 0.002 -20"><span class='ocrx_word' id='word_1_48' title='bbox 113 1169 278 1251; x_wconf 81' lang='lat' dir='ltr'>possessio.</span> <span class='ocrx_word' id='word_1_49' title='bbox 322 1167 441 1247; x_wconf 89' lang='lat' dir='ltr'>siquis</span> <span class='ocrx_word' id='word_1_50' title='bbox 464 1168 546 1234; x_wconf 91' lang='lat' dir='ltr'>enim</span> <span class='ocrx_word' id='word_1_51' title='bbox 569 1186 636 1234; x_wconf 88' lang='lat' dir='ltr'>rem</span> <span class='ocrx_word' id='word_1_52' title='bbox 659 1186 720 1234; x_wconf 93' lang='lat' dir='ltr'>non</span> <span class='ocrx_word' id='word_1_53' title='bbox 748 1187 835 1234; x_wconf 91' lang='lat' dir='ltr'>snam</span> <span class='ocrx_word' id='word_1_54' title='bbox 859 1172 887 1236; x_wconf 90' lang='lat' dir='ltr'>ei</span> <span class='ocrx_word' id='word_1_55' title='bbox 916 1157 1100 1249; x_wconf 77' lang='lat' dir='ltr'>tradiderit,</span> <span class='ocrx_word' id='word_1_56' title='bbox 1128 1172 1235 1254; x_wconf 89' lang='lat' dir='ltr'>quiin</span> 
     </span>
     <span class='ocr_line' id='line_1_8' title="bbox 113 1288 1234 1375; baseline -0.004 -16"><span class='ocrx_word' id='word_1_57' title='bbox 113 1312 181 1360; x_wconf 89' lang='lat' dir='ltr'>mea</span> <span class='ocrx_word' id='word_1_58' title='bbox 202 1297 360 1375; x_wconf 79' lang='lat' dir='ltr'>potestate</span> <span class='ocrx_word' id='word_1_59' title='bbox 382 1298 439 1369; x_wconf 87' lang='lat' dir='ltr'>est,</span> <span class='ocrx_word' id='word_1_60' title='bbox 461 1309 518 1357; x_wconf 90' lang='lat' dir='ltr'>seu</span> <span class='ocrx_word' id='word_1_61' title='bbox 541 1291 685 1359; x_wconf 87' lang='lat' dir='ltr'>mobilem</span> <span class='ocrx_word' id='word_1_62' title='bbox 708 1311 764 1359; x_wconf 92' lang='lat' dir='ltr'>seu</span> <span class='ocrx_word' id='word_1_63' title='bbox 786 1289 846 1358; x_wconf 87' lang='lat' dir='ltr'>soli</span> <span class='ocrx_word' id='word_1_64' title='bbox 868 1293 950 1359; x_wconf 90' lang='lat' dir='ltr'>bona</span> <span class='ocrx_word' id='word_1_65' title='bbox 975 1288 1038 1355; x_wconf 91' lang='lat' dir='ltr'>fide</span> <span class='ocrx_word' id='word_1_66' title='bbox 1059 1291 1234 1370; x_wconf 83' lang='lat' dir='ltr'>accipienti,</span> 
     </span>
     <span class='ocr_line' id='line_1_9' title="bbox 112 1409 1235 1493; baseline -0.004 -13"><span class='ocrx_word' id='word_1_67' title='bbox 112 1431 167 1493; x_wconf 90' lang='lat' dir='ltr'>per</span> <span class='ocrx_word' id='word_1_68' title='bbox 189 1413 330 1480; x_wconf 88' lang='lat' dir='ltr'>eiusdem</span> <span class='ocrx_word' id='word_1_69' title='bbox 352 1411 582 1493; x_wconf 85' lang='lat' dir='ltr'>possessionem·</span> <span class='ocrx_word' id='word_1_70' title='bbox 607 1411 750 1476; x_wconf 90' lang='lat' dir='ltr'>dominus</span> <span class='ocrx_word' id='word_1_71' title='bbox 779 1410 868 1492; x_wconf 89' lang='lat' dir='ltr'>fiam,</span> <span class='ocrx_word' id='word_1_72' title='bbox 895 1410 1086 1493; x_wconf 84' lang='lat' dir='ltr'>usucapione</span> <span class='ocrx_word' id='word_1_73' title='bbox 1115 1409 1235 1475; x_wconf 87' lang='lat' dir='ltr'>scilicet</span> 
     </span>
     <span class='ocr_line' id='line_1_10' title="bbox 74 1525 1235 1616; baseline -0.001 -22"><span class='ocrx_word' id='word_1_74' title='bbox 74 1547 167 1598; x_wconf 79' lang='lat' dir='ltr'>esen</span> <span class='ocrx_word' id='word_1_75' title='bbox 188 1533 276 1612; x_wconf 85' lang='lat' dir='ltr'>longi</span> <span class='ocrx_word' id='word_1_76' title='bbox 304 1532 452 1613; x_wconf 89' lang='lat' dir='ltr'>temporis</span> <span class='ocrx_word' id='word_1_77' title='bbox 477 1531 675 1616; x_wconf 87' lang='lat' dir='ltr'>possessione</span> <span class='ocrx_word' id='word_1_78' title='bbox 702 1531 878 1597; x_wconf 85' lang='lat' dir='ltr'>accedente.</span> <span class='ocrx_word' id='word_1_79' title='bbox 929 1532 959 1594; x_wconf 87' lang='grc'>4.</span> <span class='ocrx_word' id='word_1_80' title='bbox 993 1525 1079 1596; x_wconf 86' lang='grc' dir='ltr'><strong>Ηεεε</strong></span> <span class='ocrx_word' id='word_1_81' title='bbox 1108 1528 1235 1610; x_wconf 91' lang='lat' dir='ltr'>quidem</span> 
     </span>
     <span class='ocr_line' id='line_1_11' title="bbox 113 1649 1287 1730; baseline -0.009 -12"><span class='ocrx_word' id='word_1_82' title='bbox 113 1653 150 1718; x_wconf 91' lang='lat' dir='ltr'>de</span> <span class='ocrx_word' id='word_1_83' title='bbox 172 1650 291 1716; x_wconf 90' lang='lat' dir='ltr'>nostris</span> <span class='ocrx_word' id='word_1_84' title='bbox 312 1650 422 1716; x_wconf 84' lang='lat' dir='ltr'>seruis.</span> <span class='ocrx_word' id='word_1_85' title='bbox 468 1650 640 1730; x_wconf 90' lang='lat' dir='ltr'>adquirunt</span> <span class='ocrx_word' id='word_1_86' title='bbox 661 1656 765 1714; x_wconf 88' lang='lat' dir='ltr'>autem</span> <span class='ocrx_word' id='word_1_87' title='bbox 789 1649 888 1726; x_wconf 89' lang='lat' dir='ltr'>nobis,</span> <span class='ocrx_word' id='word_1_88' title='bbox 911 1655 947 1714; x_wconf 90' lang='lat' dir='ltr'>ut</span> <span class='ocrx_word' id='word_1_89' title='bbox 969 1649 1088 1713; x_wconf 89' lang='lat' dir='ltr'>dictum</span> <span class='ocrx_word' id='word_1_90' title='bbox 1111 1653 1173 1727; x_wconf 89' lang='lat' dir='ltr'>est,</span> <span class='ocrx_word' id='word_1_91' title='bbox 1204 1652 1236 1714; x_wconf 88' lang='lat' dir='ltr'>et</span> <span class='ocrx_word' id='word_1_92' title='bbox 1256 1657 1287 1708; x_wconf 89' lang='lat'>10</span> 
     </span>
     <span class='ocr_line' id='line_1_12' title="bbox 113 1767 1234 1851; baseline -0.004 -15"><span class='ocrx_word' id='word_1_93' title='bbox 113 1771 198 1836; x_wconf 85' lang='lat' dir='ltr'>serui</span> <span class='ocrx_word' id='word_1_94' title='bbox 223 1770 326 1844; x_wconf 83' lang='lat' dir='ltr'>alieni,</span> <span class='ocrx_word' id='word_1_95' title='bbox 348 1768 382 1833; x_wconf 91' lang='lat' dir='ltr'>in</span> <span class='ocrx_word' id='word_1_96' title='bbox 405 1769 518 1851; x_wconf 90' lang='lat' dir='ltr'>quibus</span> <span class='ocrx_word' id='word_1_97' title='bbox 540 1767 769 1834; x_wconf 81' lang='lat' dir='ltr'>usumfructum</span> <span class='ocrx_word' id='word_1_98' title='bbox 791 1768 956 1849; x_wconf 86' lang='lat' dir='ltr'>habemus;</span> <span class='ocrx_word' id='word_1_99' title='bbox 983 1785 1045 1832; x_wconf 92' lang='lat' dir='ltr'>non</span> <span class='ocrx_word' id='word_1_100' title='bbox 1068 1772 1172 1833; x_wconf 89' lang='lat' dir='ltr'>tamen</span> <span class='ocrx_word' id='word_1_101' title='bbox 1196 1786 1234 1832; x_wconf 85' lang='lat' dir='ltr'>ex</span> 
     </span>
     <span class='ocr_line' id='line_1_13' title="bbox 112 1886 1236 1969; baseline -0.006 -13"><span class='ocrx_word' id='word_1_102' title='bbox 112 1890 196 1956; x_wconf 92' lang='lat' dir='ltr'>omni</span> <span class='ocrx_word' id='word_1_103' title='bbox 219 1905 325 1966; x_wconf 75' lang='lat' dir='ltr'>causa</span> <span class='ocrx_word' id='word_1_104' title='bbox 347 1895 396 1954; x_wconf 85' lang='lat' dir='ltr'>&#39;set</span> <span class='ocrx_word' id='word_1_105' title='bbox 418 1907 455 1952; x_wconf 84' lang='lat' dir='ltr'>ex</span> <span class='ocrx_word' id='word_1_106' title='bbox 477 1887 599 1954; x_wconf 88' lang='lat' dir='ltr'>duobus</span> <span class='ocrx_word' id='word_1_107' title='bbox 622 1887 670 1953; x_wconf 89' lang='lat' dir='ltr'>his</span> <span class='ocrx_word' id='word_1_108' title='bbox 687 1892 818 1966; x_wconf 91' lang='lat' dir='ltr'>tantum,</span> <span class='ocrx_word' id='word_1_109' title='bbox 841 1905 951 1969; x_wconf 91' lang='lat' dir='ltr'>nempe</span> <span class='ocrx_word' id='word_1_110' title='bbox 978 1905 1016 1952; x_wconf 86' lang='lat' dir='ltr'>ex</span> <span class='ocrx_word' id='word_1_111' title='bbox 1038 1905 1073 1952; x_wconf 91' lang='lat' dir='ltr'>re</span> <span class='ocrx_word' id='word_1_112' title='bbox 1094 1904 1163 1952; x_wconf 88' lang='lat' dir='ltr'>mea</span> <span class='ocrx_word' id='word_1_113' title='bbox 1185 1886 1236 1952; x_wconf 91' lang='lat' dir='ltr'>nel</span> 
     </span>
     <span class='ocr_line' id='line_1_14' title="bbox 112 2005 1236 2089; baseline -0.006 -14"><span class='ocrx_word' id='word_1_114' title='bbox 112 2027 150 2075; x_wconf 89' lang='lat' dir='ltr'>ex</span> <span class='ocrx_word' id='word_1_115' title='bbox 170 2009 278 2089; x_wconf 87' lang='lat' dir='ltr'>operis</span> <span class='ocrx_word' id='word_1_116' title='bbox 301 2008 375 2072; x_wconf 89' lang='lat' dir='ltr'>suis.</span> <span class='ocrx_word' id='word_1_117' title='bbox 419 2026 461 2072; x_wconf 84' lang='lat' dir='ltr'>ex</span> <span class='ocrx_word' id='word_1_118' title='bbox 484 2024 629 2072; x_wconf 92' lang='lat' dir='ltr'>remea</span> <span class='ocrx_word' id='word_1_119' title='bbox 655 2005 706 2083; x_wconf 89' lang='lat' dir='ltr'>iit,</span> <span class='ocrx_word' id='word_1_120' title='bbox 735 2006 879 2087; x_wconf 87' lang='lat' dir='ltr'>quotiens</span> <span class='ocrx_word' id='word_1_121' title='bbox 909 2023 1014 2070; x_wconf 87' lang='lat' dir='ltr'>curam</span> <span class='ocrx_word' id='word_1_122' title='bbox 1037 2005 1236 2086; x_wconf 91' lang='lat' dir='ltr'>praediorum</span> 
     </span>
     <span class='ocr_line' id='line_1_15' title="bbox 113 2119 1236 2205; baseline -0.002 -15"><span class='ocrx_word' id='word_1_123' title='bbox 113 2142 253 2192; x_wconf 89' lang='lat' dir='ltr'>meorum</span> <span class='ocrx_word' id='word_1_124' title='bbox 276 2129 304 2191; x_wconf 89' lang='lat' dir='ltr'>ei</span> <span class='ocrx_word' id='word_1_125' title='bbox 327 2125 455 2202; x_wconf 87' lang='lat' dir='ltr'>credidi,</span> <span class='ocrx_word' id='word_1_126' title='bbox 478 2125 528 2190; x_wconf 92' lang='lat' dir='ltr'>uel</span> <span class='ocrx_word' id='word_1_127' title='bbox 551 2125 690 2189; x_wconf 88' lang='lat' dir='ltr'>concessi</span> <span class='ocrx_word' id='word_1_128' title='bbox 712 2127 758 2201; x_wconf 87' lang='lat' dir='ltr'>ei,</span> <span class='ocrx_word' id='word_1_129' title='bbox 782 2131 817 2188; x_wconf 89' lang='lat' dir='ltr'>ut</span> <span class='ocrx_word' id='word_1_130' title='bbox 839 2124 985 2205; x_wconf 88' lang='lat' dir='ltr'>pecunias</span> <span class='ocrx_word' id='word_1_131' title='bbox 1007 2141 1093 2188; x_wconf 86' lang='lat' dir='ltr'>meas</span> <span class='ocrx_word' id='word_1_132' title='bbox 1116 2119 1236 2190; x_wconf 83' lang='lat' dir='ltr'>tenera-</span> 
     </span>
     <span class='ocr_line' id='line_1_16' title="bbox 114 2241 1286 2325; baseline -0.002 -17"><span class='ocrx_word' id='word_1_133' title='bbox 114 2249 216 2322; x_wconf 89' lang='lat' dir='ltr'>retur,</span> <span class='ocrx_word' id='word_1_134' title='bbox 245 2249 277 2307; x_wconf 90' lang='lat' dir='ltr'>et</span> <span class='ocrx_word' id='word_1_135' title='bbox 305 2244 454 2309; x_wconf 88' lang='lat' dir='ltr'>constitui</span> <span class='ocrx_word' id='word_1_136' title='bbox 483 2261 563 2322; x_wconf 82' lang='lat' dir='ltr'>eum,</span> <span class='ocrx_word' id='word_1_137' title='bbox 594 2261 685 2325; x_wconf 89' lang='lat' dir='ltr'>quem</span> <span class='ocrx_word' id='word_1_138' title='bbox 713 2250 847 2320; x_wconf 87' lang='lat' dir='ltr'>uocant,</span> <span class='ocrx_word' id='word_1_139' title='bbox 881 2244 1137 2324; x_wconf 88' lang='lat' dir='ltr'>dispensatorem.</span> <span class='ocrx_word' id='word_1_140' title='bbox 1182 2241 1240 2307; x_wconf 84' lang='lat' dir='ltr'>hio</span> <span class='ocrx_word' id='word_1_141' title='bbox 1255 2255 1286 2306; x_wconf 78' lang='grc' dir='ltr'>ιε</span> 
     </span>
     <span class='ocr_line' id='line_1_17' title="bbox 112 2357 1236 2444; baseline -0.002 -16"><span class='ocrx_word' id='word_1_142' title='bbox 112 2363 196 2428; x_wconf 91' lang='lat' dir='ltr'>enim</span> <span class='ocrx_word' id='word_1_143' title='bbox 219 2357 322 2444; x_wconf 86' lang='lat' dir='ltr'>potuit</span> <span class='ocrx_word' id='word_1_144' title='bbox 343 2362 468 2443; x_wconf 82' lang='lat' dir='ltr'>ingenio</span> <span class='ocrx_word' id='word_1_145' title='bbox 489 2380 547 2428; x_wconf 91' lang='lat' dir='ltr'>suo</span> <span class='ocrx_word' id='word_1_146' title='bbox 569 2363 621 2428; x_wconf 89' lang='lat' dir='ltr'>uel</span> <span class='ocrx_word' id='word_1_147' title='bbox 642 2363 709 2444; x_wconf 83' lang='lat' dir='ltr'>agri</span> <span class='ocrx_word' id='word_1_148' title='bbox 736 2364 874 2440; x_wconf 91' lang='lat' dir='ltr'>cultura,</span> <span class='ocrx_word' id='word_1_149' title='bbox 905 2361 956 2428; x_wconf 89' lang='lat' dir='ltr'>uel</span> <span class='ocrx_word' id='word_1_150' title='bbox 978 2379 1016 2427; x_wconf 84' lang='lat' dir='ltr'>en</span> <span class='ocrx_word' id='word_1_151' title='bbox 1038 2361 1156 2427; x_wconf 86' lang='lat' dir='ltr'>mutuis</span> <span class='ocrx_word' id='word_1_152' title='bbox 1178 2361 1236 2426; x_wconf 90' lang='lat' dir='ltr'>ali·</span> 
     </span>
     <span class='ocr_line' id='line_1_18' title="bbox 112 2480 1430 2564; baseline 0 -18"><span class='ocrx_word' id='word_1_153' title='bbox 112 2481 189 2564; x_wconf 90' lang='lat' dir='ltr'>quid</span> <span class='ocrx_word' id='word_1_154' title='bbox 214 2480 381 2564; x_wconf 86' lang='lat' dir='ltr'>adquirere</span> <span class='ocrx_word' id='word_1_155' title='bbox 403 2482 471 2560; x_wconf 89' lang='lat' dir='ltr'>sine</span> <span class='ocrx_word' id='word_1_156' title='bbox 493 2498 600 2553; x_wconf 87' lang='lat' dir='ltr'>eorum</span> <span class='ocrx_word' id='word_1_157' title='bbox 623 2482 828 2550; x_wconf 91' lang='lat' dir='ltr'>diminutione</span> <span class='ocrx_word' id='word_1_158' title='bbox 856 2500 936 2563; x_wconf 88' lang='lat' dir='ltr'>quae</span> <span class='ocrx_word' id='word_1_159' title='bbox 967 2481 1042 2546; x_wconf 91' lang='lat' dir='ltr'>mihi</span> <span class='ocrx_word' id='word_1_160' title='bbox 1065 2481 1236 2561; x_wconf 87' lang='lat' dir='ltr'>debentur;</span> <span class='ocrx_word' id='word_1_161' title='bbox 1428 2555 1430 2558; x_wconf 48' lang='grc'><strong>,</strong></span> 
     </span>
     <span class='ocr_line' id='line_1_19' title="bbox 113 2578 1304 2683; baseline 0.003 -19"><span class='ocrx_word' id='word_1_162' title='bbox 113 2601 145 2664; x_wconf 92' lang='lat' dir='ltr'>id</span> <span class='ocrx_word' id='word_1_163' title='bbox 168 2600 285 2668; x_wconf 87' lang='lat' dir='ltr'>dicitur</span> <span class='ocrx_word' id='word_1_164' title='bbox 308 2619 350 2666; x_wconf 86' lang='lat' dir='ltr'>en</span> <span class='ocrx_word' id='word_1_165' title='bbox 372 2620 411 2665; x_wconf 92' lang='lat' dir='ltr'>re</span> <span class='ocrx_word' id='word_1_166' title='bbox 433 2619 514 2667; x_wconf 90' lang='lat' dir='ltr'>mea</span> <span class='ocrx_word' id='word_1_167' title='bbox 535 2601 709 2683; x_wconf 85' lang='lat' dir='ltr'>proiectum</span> <span class='ocrx_word' id='word_1_168' title='bbox 732 2609 764 2666; x_wconf 92' lang='lat' dir='ltr'>et</span> <span class='ocrx_word' id='word_1_169' title='bbox 786 2601 861 2666; x_wconf 89' lang='lat' dir='ltr'>mihi</span> <span class='ocrx_word' id='word_1_170' title='bbox 883 2599 1057 2682; x_wconf 90' lang='lat' dir='ltr'>quaeritur.</span> <span class='ocrx_word' id='word_1_171' title='bbox 1080 2619 1124 2666; x_wconf 87' lang='lat' dir='ltr'>ex</span> <span class='ocrx_word' id='word_1_172' title='bbox 1146 2619 1237 2682; x_wconf 87' lang='lat' dir='ltr'>ope·</span> <span class='ocrx_word' id='word_1_173' title='bbox 1300 2578 1304 2583; x_wconf 32' lang='grc'><strong>”</strong></span> 
     </span>
     <span class='ocr_line' id='line_1_20' title="bbox 114 2718 1236 2796; baseline 0.002 -14"><span class='ocrx_word' id='word_1_174' title='bbox 114 2720 168 2785; x_wconf 87' lang='lat' dir='ltr'>ris</span> <span class='ocrx_word' id='word_1_175' title='bbox 191 2727 298 2784; x_wconf 87' lang='lat' dir='ltr'>autem</span> <span class='ocrx_word' id='word_1_176' title='bbox 322 2722 415 2796; x_wconf 88' lang='lat' dir='ltr'>suis,</span> <span class='ocrx_word' id='word_1_177' title='bbox 438 2726 474 2783; x_wconf 95' lang='lat' dir='ltr'>ut</span> <span class='ocrx_word' id='word_1_178' title='bbox 507 2737 579 2785; x_wconf 90' lang='lat' dir='ltr'>ecce</span> <span class='ocrx_word' id='word_1_179' title='bbox 605 2720 634 2784; x_wconf 90' lang='lat' dir='ltr'>si</span> <span class='ocrx_word' id='word_1_180' title='bbox 656 2723 830 2785; x_wconf 86' lang='lat' dir='ltr'>sarcinator</span> <span class='ocrx_word' id='word_1_181' title='bbox 857 2718 952 2784; x_wconf 84' lang='lat' dir='ltr'>fuerit</span> <span class='ocrx_word' id='word_1_182' title='bbox 974 2718 1024 2785; x_wconf 92' lang='lat' dir='ltr'>nel</span> <span class='ocrx_word' id='word_1_183' title='bbox 1043 2718 1236 2785; x_wconf 87' lang='lat' dir='ltr'>architectus</span> 
     </span>
     <span class='ocr_line' id='line_1_21' title="bbox 114 2833 1289 2920; baseline -0.002 -16"><span class='ocrx_word' id='word_1_184' title='bbox 114 2833 308 2920; x_wconf 77' lang='lat' dir='ltr'>ueilpietor:</span> <span class='ocrx_word' id='word_1_185' title='bbox 329 2838 432 2904; x_wconf 87' lang='lat' dir='ltr'>locaui</span> <span class='ocrx_word' id='word_1_186' title='bbox 454 2855 529 2904; x_wconf 86' lang='lat' dir='ltr'>eum</span> <span class='ocrx_word' id='word_1_187' title='bbox 549 2857 606 2920; x_wconf 82' lang='lat' dir='ltr'>ego</span> <span class='ocrx_word' id='word_1_188' title='bbox 634 2847 669 2904; x_wconf 86' lang='lat' dir='ltr'>ut</span> <span class='ocrx_word' id='word_1_189' title='bbox 692 2841 847 2905; x_wconf 88' lang='lat' dir='ltr'>extraneis</span> <span class='ocrx_word' id='word_1_190' title='bbox 874 2854 1001 2919; x_wconf 85' lang='lat' dir='ltr'>operam</span> <span class='ocrx_word' id='word_1_191' title='bbox 1031 2845 1119 2903; x_wconf 84' lang='lat' dir='ltr'>snam</span> <span class='ocrx_word' id='word_1_192' title='bbox 1149 2855 1236 2918; x_wconf 91' lang='lat' dir='ltr'>prae·</span> <span class='ocrx_word' id='word_1_193' title='bbox 1254 2837 1289 2890; x_wconf 71' lang='lat'>²⁰</span> 
     </span>
     <span class='ocr_line' id='line_1_22' title="bbox 114 2955 1237 3041; baseline 0.001 -20"><span class='ocrx_word' id='word_1_194' title='bbox 114 2961 224 3034; x_wconf 80' lang='lat' dir='ltr'>staret,</span> <span class='ocrx_word' id='word_1_195' title='bbox 247 2964 428 3041; x_wconf 89' lang='lat' dir='ltr'>certamque</span> <span class='ocrx_word' id='word_1_196' title='bbox 450 2955 624 3024; x_wconf 82' lang='lat' dir='ltr'>mercedem</span> <span class='ocrx_word' id='word_1_197' title='bbox 647 2965 710 3039; x_wconf 74' lang='lat' dir='ltr'>pro‘</span> <span class='ocrx_word' id='word_1_198' title='bbox 726 2963 795 3023; x_wconf 87' lang='lat' dir='ltr'>arte</span> <span class='ocrx_word' id='word_1_199' title='bbox 816 2976 875 3023; x_wconf 89' lang='lat' dir='ltr'>sua</span> <span class='ocrx_word' id='word_1_200' title='bbox 900 2956 1065 3040; x_wconf 80' lang='lat' dir='ltr'>acciperet.</span> <span class='ocrx_word' id='word_1_201' title='bbox 1110 2957 1161 3023; x_wconf 91' lang='lat' dir='ltr'>hic</span> <span class='ocrx_word' id='word_1_202' title='bbox 1183 2974 1237 3038; x_wconf 92' lang='lat' dir='ltr'>po·</span> 
     </span>
     <span class='ocr_line' id='line_1_23' title="bbox 115 3071 1238 3159; baseline -0.003 -18"><span class='ocrx_word' id='word_1_203' title='bbox 115 3076 177 3143; x_wconf 93' lang='lat' dir='ltr'>tuit</span> <span class='ocrx_word' id='word_1_204' title='bbox 200 3085 233 3142; x_wconf 88' lang='lat' dir='ltr'>et</span> <span class='ocrx_word' id='word_1_205' title='bbox 255 3084 380 3159; x_wconf 88' lang='lat' dir='ltr'>praeter</span> <span class='ocrx_word' id='word_1_206' title='bbox 402 3077 588 3142; x_wconf 87' lang='lat' dir='ltr'>constitutas</span> <span class='ocrx_word' id='word_1_207' title='bbox 610 3078 769 3144; x_wconf 86' lang='lat' dir='ltr'>mercedes</span> <span class='ocrx_word' id='word_1_208' title='bbox 795 3075 914 3158; x_wconf 92' lang='lat' dir='ltr'>aliquid</span> <span class='ocrx_word' id='word_1_209' title='bbox 935 3071 1065 3159; x_wconf 89' lang='lat' dir='ltr'>adipisci</span> <span class='ocrx_word' id='word_1_210' title='bbox 1094 3080 1126 3141; x_wconf 91' lang='lat' dir='ltr'>et</span> <span class='ocrx_word' id='word_1_211' title='bbox 1154 3074 1238 3158; x_wconf 92' lang='lat' dir='ltr'>quod</span> 
     </span>
     <span class='ocr_line' id='line_1_24' title="bbox 114 3189 1238 3279; baseline -0.001 -20"><span class='ocrx_word' id='word_1_212' title='bbox 114 3189 188 3263; x_wconf 81' lang='lat' dir='ltr'>inde</span> <span class='ocrx_word' id='word_1_213' title='bbox 222 3203 347 3278; x_wconf 87' lang='lat' dir='ltr'>partun</span> <span class='ocrx_word' id='word_1_214' title='bbox 378 3204 426 3262; x_wconf 87' lang='lat' dir='ltr'>est</span> <span class='ocrx_word' id='word_1_215' title='bbox 454 3197 529 3261; x_wconf 91' lang='lat' dir='ltr'>mihi</span> <span class='ocrx_word' id='word_1_216' title='bbox 558 3197 706 3279; x_wconf 84' lang='lat' dir='ltr'>adquirit.</span> <span class='ocrx_word' id='word_1_217' title='bbox 761 3196 820 3262; x_wconf 94' lang='lat' dir='ltr'>hoc</span> <span class='ocrx_word' id='word_1_218' title='bbox 854 3194 1014 3278; x_wconf 89' lang='lat' dir='ltr'>estquod</span> <span class='ocrx_word' id='word_1_219' title='bbox 1050 3195 1164 3261; x_wconf 90' lang='lat' dir='ltr'>dicitur</span> <span class='ocrx_word' id='word_1_220' title='bbox 1195 3211 1238 3259; x_wconf 85' lang='lat' dir='ltr'>ex</span> 
     </span>
     <span class='ocr_line' id='line_1_25' title="bbox 115 3314 1239 3398; baseline -0.002 -18"><span class='ocrx_word' id='word_1_221' title='bbox 115 3315 251 3398; x_wconf 89' lang='lat' dir='ltr'>operis</span> <span class='ocrx_word' id='word_1_222' title='bbox 274 3316 360 3382; x_wconf 89' lang='lat' dir='ltr'>suis</span> <span class='ocrx_word' id='word_1_223' title='bbox 386 3317 569 3397; x_wconf 85' lang='lat' dir='ltr'>proiectum.</span> <span class='ocrx_word' id='word_1_224' title='bbox 598 3316 680 3397; x_wconf 89' lang='lat' dir='ltr'>quod</span> <span class='ocrx_word' id='word_1_225' title='bbox 703 3334 779 3380; x_wconf 89' lang='lat' dir='ltr'>uero</span> <span class='ocrx_word' id='word_1_226' title='bbox 801 3321 890 3381; x_wconf 74' lang='lat' dir='ltr'>erma</span> <span class='ocrx_word' id='word_1_227' title='bbox 911 3314 1005 3380; x_wconf 86' lang='lat' dir='ltr'>hasce</span> <span class='ocrx_word' id='word_1_228' title='bbox 1027 3315 1107 3380; x_wconf 86' lang='lat' dir='ltr'>duas</span> <span class='ocrx_word' id='word_1_229' title='bbox 1128 3330 1239 3379; x_wconf 90' lang='lat' dir='ltr'>causas</span> 
     </span>
     <span class='ocr_line' id='line_1_26' title="bbox 116 3431 1404 3516; baseline 0.003 -18"><span class='ocrx_word' id='word_1_230' title='bbox 116 3439 301 3512; x_wconf 86' lang='lat' dir='ltr'>persecutus</span> <span class='ocrx_word' id='word_1_231' title='bbox 323 3441 386 3511; x_wconf 82' lang='lat' dir='ltr'>est,</span> <span class='ocrx_word' id='word_1_232' title='bbox 408 3433 440 3497; x_wconf 92' lang='lat' dir='ltr'>id</span> <span class='ocrx_word' id='word_1_233' title='bbox 462 3434 503 3499; x_wconf 92' lang='lat' dir='ltr'>ad</span> <span class='ocrx_word' id='word_1_234' title='bbox 531 3434 689 3501; x_wconf 91' lang='lat' dir='ltr'>dominum</span> <span class='ocrx_word' id='word_1_235' title='bbox 717 3438 839 3516; x_wconf 90' lang='lat' dir='ltr'>spectat</span> <span class='ocrx_word' id='word_1_236' title='bbox 865 3431 1078 3516; x_wconf 79' lang='lat' dir='ltr'>proprietatis.</span> <span class='ocrx_word' id='word_1_237' title='bbox 1130 3432 1238 3515; x_wconf 83' lang='lat' dir='ltr'>itaque</span> <span class='ocrx_word' id='word_1_238' title='bbox 1255 3440 1289 3494; x_wconf 77' lang='lat'>25</span> <span class='ocrx_word' id='word_1_239' title='bbox 1402 3497 1404 3502; x_wconf 79' lang='grc'>,</span> 
     </span>
     <span class='ocr_line' id='line_1_27' title="bbox 116 3551 1250 3634; baseline -0.001 -19"><span class='ocrx_word' id='word_1_240' title='bbox 116 3552 145 3616; x_wconf 91' lang='lat' dir='ltr'>si</span> <span class='ocrx_word' id='word_1_241' title='bbox 163 3553 257 3618; x_wconf 89' lang='lat' dir='ltr'>heres</span> <span class='ocrx_word' id='word_1_242' title='bbox 279 3551 507 3618; x_wconf 84' lang='lat' dir='ltr'>institutnssit</span> <span class='ocrx_word' id='word_1_243' title='bbox 529 3552 580 3618; x_wconf 88' lang='lat' dir='ltr'>uei</span> <span class='ocrx_word' id='word_1_244' title='bbox 601 3553 773 3634; x_wconf 83' lang='lat' dir='ltr'>legatarius</span> <span class='ocrx_word' id='word_1_245' title='bbox 800 3558 833 3619; x_wconf 88' lang='lat' dir='ltr'>et</span> <span class='ocrx_word' id='word_1_246' title='bbox 857 3552 1009 3633; x_wconf 79' lang='lat' dir='ltr'>legatum</span> <span class='ocrx_word' id='word_1_247' title='bbox 1027 3551 1069 3616; x_wconf 88' lang='lat' dir='ltr'>sit</span> <span class='ocrx_word' id='word_1_248' title='bbox 1094 3551 1250 3633; x_wconf 84' lang='lat' dir='ltr'>adeptus,</span> 
     </span>
     <span class='ocr_line' id='line_1_28' title="bbox 117 3669 1240 3752; baseline 0 -18"><span class='ocrx_word' id='word_1_249' title='bbox 117 3671 168 3735; x_wconf 91' lang='lat' dir='ltr'>uel</span> <span class='ocrx_word' id='word_1_250' title='bbox 200 3671 240 3737; x_wconf 94' lang='lat' dir='ltr'>ab</span> <span class='ocrx_word' id='word_1_251' title='bbox 270 3669 376 3751; x_wconf 90' lang='lat' dir='ltr'>aliquo</span> <span class='ocrx_word' id='word_1_252' title='bbox 405 3669 603 3737; x_wconf 88' lang='lat' dir='ltr'>donationem</span> <span class='ocrx_word' id='word_1_253' title='bbox 632 3670 805 3752; x_wconf 91' lang='lat' dir='ltr'>acceperit,</span> <span class='ocrx_word' id='word_1_254' title='bbox 834 3677 896 3737; x_wconf 82' lang='lat' dir='ltr'>ton</span> <span class='ocrx_word' id='word_1_255' title='bbox 926 3670 1161 3737; x_wconf 78' lang='lat' dir='ltr'>usufructuario</span> <span class='ocrx_word' id='word_1_256' title='bbox 1190 3673 1240 3736; x_wconf 91' lang='lat' dir='ltr'>set</span> 
     </span>
     <span class='ocr_line' id='line_1_29' title="bbox 117 3788 1236 3872; baseline 0.002 -18"><span class='ocrx_word' id='word_1_257' title='bbox 117 3789 243 3856; x_wconf 91' lang='lat' dir='ltr'>domino</span> <span class='ocrx_word' id='word_1_258' title='bbox 265 3788 468 3871; x_wconf 89' lang='lat' dir='ltr'>proprietatis</span> <span class='ocrx_word' id='word_1_259' title='bbox 491 3807 529 3854; x_wconf 92' lang='lat' dir='ltr'>ea</span> <span class='ocrx_word' id='word_1_260' title='bbox 556 3790 704 3872; x_wconf 88' lang='lat' dir='ltr'>adquirit.</span> <span class='ocrx_word' id='word_1_261' title='bbox 747 3789 895 3870; x_wconf 88' lang='lat' dir='ltr'>quaeda</span> <span class='ocrx_word' id='word_1_262' title='bbox 922 3805 1015 3856; x_wconf 87' lang='lat' dir='ltr'>seruo</span> <span class='ocrx_word' id='word_1_263' title='bbox 1042 3789 1236 3869; x_wconf 89' lang='lat' dir='ltr'>dictasunt,</span> 
     </span>
     <span class='ocr_line' id='line_1_30' title="bbox 116 3898 1238 3991; baseline 0.006 -23"><span class='ocrx_word' id='word_1_264' title='bbox 116 3906 235 3990; x_wconf 86' lang='lat' dir='ltr'>inquo</span> <span class='ocrx_word' id='word_1_265' title='bbox 258 3901 488 3974; x_wconf 81' lang='lat' dir='ltr'>usumiiuotum</span> <span class='ocrx_word' id='word_1_266' title='bbox 509 3900 620 3987; x_wconf 74' lang='lat' dir='ltr'>habeo,</span> <span class='ocrx_word' id='word_1_267' title='bbox 642 3898 751 3974; x_wconf 77' lang='lat' dir='ltr'>eadent</span> <span class='ocrx_word' id='word_1_268' title='bbox 773 3905 1065 3989; x_wconf 65' lang='lat' dir='ltr'>pneumatique</span> <span class='ocrx_word' id='word_1_269' title='bbox 1087 3909 1238 3991; x_wconf 83' lang='lat' dir='ltr'>optinere,</span> 
     </span>
    </p>
   </div>
   <div class='ocr_carea' id='block_1_3' title="bbox 0 0 1521 4884">
    <p class='ocr_par' dir='ltr' id='par_1_3' title="bbox 0 0 1521 4884">
     <span class='ocr_line' id='line_1_31' title="bbox 0 0 1521 4884; baseline 0 0"><span class='ocrx_word' id='word_1_270' title='bbox 0 0 1521 4884; x_wconf 95' lang='lat' dir='ltr'> </span> 
     </span>
    </p>
   </div>
  </div>
 </body>
</html>
