3038 4884
569 363 781 426 ..55-

127 563 195 610 uero
215 543 451 611 filiumfamilias
473 547 678 629 adoptouero,
700 565 739 612 ex
760 566 824 631 qun
852 546 935 616 filius
963 555 1057 614 natus
1085 548 1144 627 sit,
1173 547 1242 630 ipse

126 665 331 730 tantummodo
353 664 386 728 in
409 683 509 730 meam
524 670 713 746 potestatem
728 666 886 746 transibit,
906 665 1005 732 filium
1020 673 1127 734 autem
1150 682 1241 732 suum

125 781 200 862 apnd
220 801 316 849 auum
337 783 513 851 naturalem
534 784 699 868 relinquet.
744 791 777 850 et
798 786 879 852 ratio
901 785 1068 854 manifesta
1090 790 1149 854 est.
1171 805 1243 853 oum

126 900 198 964 enim
219 899 435 968 filiusfamilias
458 909 551 981 esset,
574 903 689 968 liberos
711 903 744 967 in
773 909 931 985 potestate
956 905 1074 971 habere
1100 923 1162 971 non
1190 923 1243 987 po·

126 1023 207 1084 terat.
231 1039 305 1085 eum
326 1024 442 1101 autem,
465 1020 520 1104 qui
542 1039 612 1087 cum
634 1019 733 1087 filium
756 1021 789 1087 in
810 1028 1000 1104 potestatem
1023 1023 1149 1102 babeat,
1172 1040 1242 1090 sese
1276 1031 1294 1082 ⁶

125 1111 330 1220 adrogandnm
358 1141 496 1220 dederit,
525 1160 616 1208 suum
645 1139 743 1206 filium
771 1159 877 1209 seeum
906 1142 1033 1208 trahere
1061 1140 1113 1208 uel
1139 1160 1178 1208 ex
1205 1161 1242 1209 eo

125 1262 212 1335 patet,
235 1259 322 1340 quod
344 1259 511 1341 Augustus
533 1279 595 1326 non
617 1265 711 1327 antea
733 1261 909 1340 Tiberium,
938 1261 992 1344 qui
1015 1242 1126 1342 postea
1156 1259 1243 1342 prin·

125 1394 188 1458 ceps
209 1384 336 1444 oreatus
359 1384 423 1457 est,
446 1379 479 1443 in
499 1380 736 1462 adrogationem
759 1380 947 1460 susceperit,
975 1396 1071 1462 quem
1092 1379 1142 1444 bie
1166 1376 1244 1445 Ger·

124 1497 272 1562 manioum
294 1498 520 1579 edoptauisset.
568 1516 639 1565 eum
666 1499 749 1566 enim
780 1498 877 1566 uellet
902 1498 1063 1564 Tiberium
1091 1496 1160 1564 looo
1186 1495 1243 1563 filii

124 1615 247 1694 babere,
283 1614 503 1682 Germanicum
530 1625 636 1683 autem
665 1616 734 1684 loeo
768 1617 905 1699 nepotis,
939 1616 1036 1699 idque
1063 1634 1120 1696 per
1148 1633 1243 1682 unam
1263 1620 1296 1671 10

122 1731 184 1798 fieri
204 1735 459 1815 adrogationem,
486 1735 579 1802 iussit
607 1744 702 1801 antea
723 1734 942 1802 Germanicum
965 1754 986 1801 a
1007 1734 1131 1802 Tiberio
1154 1733 1245 1801 adro·

122 1855 250 1932 gendum
276 1855 405 1937 suscipi,
434 1854 545 1920 deinde
567 1853 636 1936 ipse
664 1853 826 1921 Tiberium
854 1853 889 1918 in
918 1853 1155 1936 adrogationem
1177 1873 1246 1920 sus·

86 1973 207 2054 iaoepit
246 1972 298 2036 12.
323 1972 457 2038 Seruum
479 1991 570 2037 suum
593 1973 664 2054 quis
686 1971 865 2055 adoptauit:
893 1972 1059 2052 quaeritur
1087 1992 1127 2038 an
1150 1972 1243 2055 adop-

123 2091 164 2155 tio
183 2092 300 2170 ualeat,
323 2111 363 2158 an
385 2091 462 2174 quid
483 2091 556 2156 inde
577 2101 739 2173 sequatur.
763 2098 795 2156 et
816 2092 901 2174 apud
917 2087 1068 2158 Catonem
1090 2091 1243 2172 seriptum

124 2208 212 2275 refert
234 2209 408 2292 antiquitas
430 2210 630 2292 adoptionem
652 2211 779 2289 quidem
800 2229 861 2276 non
884 2209 1005 2288 ualere,
1028 2215 1139 2289 utpote
1161 2202 1296 2290 quae1⁶

123 2329 151 2391 in
170 2328 280 2395 liberis
302 2329 445 2410 personis
465 2328 568 2396 looum
590 2327 716 2407 habeat,
738 2336 797 2408 set,
820 2328 896 2395 lieet
916 2329 1011 2394 sieuti
1033 2329 1160 2410 adoptio
1182 2346 1244 2392 non

122 2449 282 2527 procedat,
316 2466 444 2513 seruum
472 2454 575 2514 tamen
605 2446 737 2514 liberum
767 2465 836 2515 esse
864 2449 1040 2514 ostendere.
1091 2448 1245 2530 namqui

122 2583 243 2633 sernum
278 2566 429 2649 adoptare
456 2566 593 2632 uoluerit
621 2585 692 2632 eum
718 2567 815 2634 tacite
844 2565 1063 2633 manumisisse
1092 2565 1246 2646 intellegi·

123 2690 178 2750 tur.
223 2687 277 2753 bio
298 2687 398 2768 igitur
420 2687 504 2768 quod
526 2689 681 2767 expressit
710 2705 773 2752 non
795 2685 941 2768 perfecit,
971 2686 1056 2768 quod
1085 2691 1191 2750 autem
1213 2685 1244 2748 in

123 2806 220 2873 animo
255 2805 367 2871 babuit
397 2805 530 2887 peregit
592 2804 665 2870 hine
697 2811 801 2871 motus
833 2805 1066 2870 sacratissimus
1098 2805 1243 2885 princeps
1261 2810 1296 2861 20

122 2931 238 3004 nmter,
263 2942 333 2989 cum
356 2925 427 3006 quis
449 2923 483 2987 in
505 2923 653 2990 indicium
675 2924 815 2988 uenisset
836 2942 874 2990 ao
895 2922 1028 2988 dixisset
1049 2923 1128 2988 actis
1149 2922 1246 2986 inter·

123 3043 319 3109 uenientibus
341 3042 381 3108 de
402 3060 497 3109 seruo
512 3061 571 3109 suo
593 3060 676 3108 eum
699 3041 831 3108 filium
853 3060 964 3107 suum
986 3059 1093 3120 esse,
1117 3058 1245 3106 seruum

123 3162 243 3242 quidem
265 3160 366 3226 filium
393 3181 455 3228 non
480 3161 549 3228 fieri
579 3160 757 3240 constituit,
786 3161 930 3228 desinere
952 3169 1057 3226 tamen
1085 3161 1118 3224 in
1146 3158 1247 3224 serui·

122 3286 185 3346 tute
206 3298 288 3347 esse.
