3022 4884
559 415 791 476 -116-

120 599 333 680 pendiaria.
378 599 523 666 Caesaris
547 606 653 666 autem
676 601 855 680 prouinciae
882 609 1014 668 uocatae
1041 606 1116 668 sunt
1137 601 1236 669 tribu-

120 719 223 784 tariae:
255 718 409 786 tributum
438 725 487 786 eet
516 720 599 785 enim
625 720 733 801 granis
761 721 912 801 pecuniae
940 721 1110 803 impositio,
1140 739 1234 804 quam

118 837 224 904 ideireo
247 837 363 904 Caesar
386 837 630 921 prouincialibus
656 839 722 904 suis
744 839 917 914 constituit,
939 840 1023 922 quod
1045 840 1178 906 multum
1193 841 1234 906 ad

118 955 243 1021 militum
265 957 525 1024 sustentationem
553 956 794 1039 impendendum
822 958 882 1023 sibi
911 963 989 1024 orat.
1038 965 1070 1024 et
1099 959 1153 1039 qui
1180 961 1235 1025 sti·

117 1075 271 1156 pendiaria
300 1076 351 1141 uel
378 1075 546 1143 tributaria
573 1075 701 1157 praedia
731 1075 877 1142 Caesaris
904 1076 1051 1158 populine
1080 1097 1234 1146 consensu
1269 1085 1286 1136 ⁵

117 1194 273 1274 haberent,
304 1214 366 1262 non
388 1201 479 1262 erant
500 1195 628 1273 domini,
651 1213 722 1262 eum
744 1213 852 1262 eorum
880 1196 1051 1268 dominium
1074 1199 1158 1280 apud
1179 1217 1234 1280 po·

117 1314 215 1394 pnlum
239 1314 292 1382 nel
314 1315 398 1397 apud
421 1314 588 1382 Caesarem
613 1323 710 1382 esset:
734 1321 783 1381 set
805 1315 963 1383 habebant
985 1317 1017 1382 in
1038 1316 1137 1383 isdem
1161 1334 1234 1382 usn·

115 1432 241 1500 fructum
265 1441 297 1500 et
312 1435 524 1515 plenissimam
546 1437 783 1518 possessionem,
806 1451 900 1515 qnam
922 1442 955 1502 et
976 1438 1008 1501 in
1030 1435 1110 1502 alios
1132 1443 1234 1502 mans·

114 1553 189 1619 ferre
211 1561 245 1618 et
268 1553 307 1618 ad
329 1553 461 1619 heredes
483 1554 698 1620 transmittere
720 1559 875 1636 poterant
925 1554 1101 1620 italicorum
1128 1561 1233 1620 antem

115 1689 254 1752 agrorum
277 1690 334 1738 seu
357 1673 481 1739 aedium
504 1672 621 1738 domini
644 1672 868 1754 proprietatem
890 1671 1057 1740 habebant.
1085 1679 1135 1740 set
1156 1672 1233 1739 haee
1253 1685 1285 1736 to

114 1791 230 1868 quidem
256 1791 329 1855 olim
351 1792 382 1854 in
406 1810 466 1857 usu
489 1797 595 1857 erent:
623 1791 715 1857 hodie
744 1791 893 1874 principis
920 1793 1019 1858 nostri
1050 1792 1232 1859 constitutio

117 1909 226 1976 nnllam
263 1911 470 1976 differentiam
509 1914 592 1978 inter
623 1909 729 1976 italica
761 1909 967 1993 stipendiaria
1000 1917 1032 1978 et
1065 1911 1233 1978 tributaria

117 2030 239 2111 praedia
263 2048 331 2096 esse
353 2031 438 2110 nult:
461 2041 510 2096 set
532 2031 559 2094 si
582 2030 726 2097 dominns
752 2048 819 2095 rem
846 2047 935 2096 suam
963 2029 1038 2095 mihi
1065 2030 1172 2098 tradat
1194 2050 1232 2098 ex

115 2149 277 2215 donatione
300 2168 355 2215 sen
379 2150 462 2215 dotis
485 2165 581 2216 eausa
603 2168 660 2216 seu
682 2169 720 2215 ex
742 2150 804 2214 alia
832 2167 936 2232 quone
963 2149 1101 2228 ratione,
1131 2150 1231 2216 ueluti

74 2274 147 2334 ssei
159 2270 391 2352 permutatione
405 2269 515 2351 procul
530 2269 625 2335 dnbio
641 2268 811 2334 dominium
833 2270 865 2334 in
881 2286 931 2335 me
946 2267 1105 2334 transfert.
1129 2270 1181 2332 41.
1197 2266 1232 2334 Si
1252 2285 1283 2336 15

113 2389 175 2470 quis
195 2389 237 2455 ad
261 2388 459 2455 tendendum
483 2387 598 2466 tradat,
622 2405 682 2452 non
706 2388 796 2453 aliter
817 2387 849 2453 in
872 2393 1044 2468 emptorem
1060 2385 1230 2452 dominium

113 2512 236 2587 transit,
273 2528 367 2591 qnam
400 2510 426 2574 si
459 2513 581 2588 emptor
608 2507 765 2574 uenditori
796 2509 842 2572 rei
870 2509 1007 2590 pretinm
1040 2505 1144 2572 soluat
1175 2513 1231 2571 aut

113 2629 290 2696 satisfaciat
346 2635 382 2695 ut
409 2649 480 2695 ecee
510 2631 537 2694 si
567 2628 683 2698 Titium
711 2629 867 2712 quendam
893 2626 1024 2706 optulit,
1054 2627 1107 2706 qui
1141 2643 1230 2708 spon-

112 2748 180 2814 deat
209 2767 269 2830 pro
302 2767 340 2814 eo
371 2765 441 2814 sese
474 2749 610 2830 pretinm
649 2749 811 2828 daturum3
845 2748 897 2813 uel
924 2745 1040 2828 pignus
1071 2763 1129 2828 pro
1162 2763 1231 2825 pre·

112 2865 151 2930 tio
181 2866 279 2934 dedit.
329 2867 388 2934 hoo
415 2867 512 2932 etiam
541 2866 611 2948 lege
641 2865 703 2932 XII
733 2865 913 2934 tabidarum
946 2870 1091 2946 caustum
1124 2871 1229 2932 tamen
1247 2887 1282 2939 20

115 2985 287 3053 inuenimus
309 2987 341 3052 id
356 2987 435 3052 iuris
456 2986 597 3068 gentium
620 3004 698 3062 esse,
721 2984 858 3052 naturali
881 2985 963 3051 enim
978 2984 1138 3066 aequitate
1159 2983 1230 3050 niti-

115 3111 291 3190 tunquam
313 3110 346 3172 et
366 3107 451 3188 apud
474 3122 580 3171 omnes
602 3111 712 3187 gentes
734 3103 920 3170 custoditur.
956 3103 1063 3186 itaque
1085 3103 1229 3169 dominns

112 3225 160 3306 qni
176 3213 213 3292 ex
228 3225 292 3290 alia
307 3223 448 3308 qualibet
462 3243 558 3290 cansa
569 3221 676 3302 tradit,
693 3221 865 3289 dominium
880 3220 1047 3288 transfert:
1070 3239 1108 3286 ex
1123 3219 1230 3286 nendi·

113 3341 201 3410 tionis
216 3361 314 3412 eausa
327 3362 388 3410 non
404 3344 505 3421 aliter,
529 3361 622 3426 quam
638 3344 665 3408 si
680 3342 815 3423 pretium
830 3341 963 3424 accipiat
984 3337 1036 3407 oei
1058 3339 1087 3405 ei
1108 3338 1168 3404 hae
1190 3337 1229 3404 de
1295 3357 1301 3366 ·

111 3481 142 3528 re
155 3462 298 3531 satisfiat
322 3464 370 3529 sin
386 3469 492 3529 autem
507 3479 608 3543 neque
624 3463 770 3528 uenditor
784 3461 919 3544 pretinm
938 3457 1104 3542 acceperit,
1127 3475 1229 3540 neque
1246 3477 1280 3529 as

112 3585 364 3665 expromissorem
386 3581 484 3648 ullum
507 3600 564 3663 pro
587 3585 743 3665 emptore,
778 3600 878 3665 neque
907 3581 1051 3663 pignera,
1086 3576 1229 3659 sequitur
