3078 4882
706 402 933 463 -174-

258 586 307 648 καὶ
327 587 347 671 ή
370 586 462 669 φύσις
484 586 539 650 οὐκ
561 585 680 674 ἔχουσα
701 590 754 651 τὸν
777 585 950 674 κατέχοντα.
988 585 1095 672 ἐπειδή
1118 609 1168 649 σοι
1191 587 1289 649 ταῦτα
1304 609 1381 670 προ·

260 687 455 776 τεθεώρηται
478 689 539 773 όρα
569 691 675 754 λοιπὸν
704 692 740 754 τὸ
771 689 981 776 προκείμενον.
1034 687 1195 753 ἑκδέδωκά
1222 712 1270 753 σοι
1301 691 1381 773 πρὸς

259 790 357 873 γάμον
380 789 434 876 τήν
456 788 533 877 ἐμήν
556 792 730 876 θυγατέρα·
755 791 867 880 ἐτέχθη
897 795 983 868 παῖς·
1010 789 1048 877 ήν
1075 790 1258 864 ὑπεξοόσιός
1287 814 1346 855 σου
1354 791 1380 871 ¹)

260 891 410 978 δηλονότι.
456 891 594 979 αἰτηθεὶς
616 895 693 977 παρ’
717 892 794 979 ἐμοῦ
823 894 965 967 δέδωκάς
991 917 1044 977 μοι
1074 894 1181 956 τοῦτον
1211 891 1255 966 είς
1277 891 1382 958 υίσθυ-

224 991 379 1058 ῦθεσίαν.
435 994 576 1079 ζητῶμεν
615 994 663 1070 τίς
696 995 735 1068 ἐξ
769 995 858 1081 ήμῶν
894 993 1139 1078 διατιθέμενοςλ)
1174 993 1381 1077 ἀναγκάζεται

259 1093 411 1180 φροντίδα
435 1095 543 1159 τούτου
566 1095 721 1160 τίθεσθαι.
767 1100 815 1161 καὶ
837 1097 981 1181 λέγομεν,
1010 1097 1056 1160 ότι
1082 1096 1146 1179 ἐγὼ
1167 1098 1185 1159 ό
1208 1094 1303 1170 θετὸς
1325 1119 1382 1161 πα-

259 1200 329 1284 τήρ·
357 1197 408 1261 διὰ
429 1199 492 1280 γὰρ
514 1202 569 1284 τής
591 1197 716 1275 θέσεως
742 1200 838 1265 ἔοικεν
870 1199 961 1275 οὗτος
982 1204 1046 1274 τοῖς
1075 1200 1136 1263 ἀπὸ
1166 1199 1305 1282 ἐννόμων
1327 1201 1382 1281 γά·

256 1324 326 1386 μων
349 1299 489 1387 τεχθεῒσί
507 1325 569 1386 μοι.
615 1303 697 1378 ὥςτε
719 1301 774 1367 οὖν
796 1304 903 1389 ὥςπερ
926 1306 978 1366 τὸν
1001 1301 1127 1386 νόμιμόν
1147 1325 1210 1386 μου
1240 1303 1306 1366 υίδν
1329 1303 1380 1365 τὸν

260 1403 443 1476 δπεξοιίσιυν
466 1404 679 1490 ἀναγκάζομαι
700 1408 835 1492 γράφειν
857 1409 1047 1494 κληρονόμον
1069 1406 1089 1492 ή
1111 1409 1189 1471 κατὰ
1217 1408 1254 1469 τὰ
1278 1428 1381 1489 προει·

215 1515 244 1566 10
260 1507 384 1594 ρημένα
405 1505 681 1588 exheredatel'lein,
705 1508 787 1572 οὕτω
811 1512 933 1573 καὶτὸν
956 1508 1058 1573 θετόν.
1096 1509 1132 1573 σδ
1153 1510 1259 1593 μέντοι
1281 1508 1299 1571 δ
1323 1531 1379 1592 φυ-

260 1610 343 1682 σικδς
366 1611 467 1695 πατήρ
492 1610 548 1673 οὐκ
570 1611 727 1696 ἀναγκάζη
752 1611 845 1674 αὐτὸν
868 1613 1001 1695 γράφειν
1015 1612 1208 1697 κληρονόμον
1223 1609 1299 1674 ου’δὲ
1321 1611 1380 1694 γὰρ

261 1712 387 1795 υομιμός
408 1733 465 1775 σου
488 1710 554 1786 υἱός
574 1709 664 1792 ἐστιν,
689 1711 763 1776 ου’δὲ
785 1713 845 1795 γὰρ
868 1710 948 1798 ἔχεις
970 1711 1062 1775 αὐτὸν
1085 1710 1282 1790 ὑπεξοόσιυν,
1308 1711 1380 1775 οὐδὲ

260 1813 351 1898 φύσει
381 1813 521 1900 έπειδήί)
551 1815 602 1877 διὰ
624 1818 679 1878 τοῦ
703 1816 797 1899 νόμου
817 1813 880 1898 ἐγὼ
908 1817 924 1874 δ
954 1813 1048 1889 θετὸς
1078 1815 1180 1899 πατήρ
1210 1813 1295 1878 δοκῶ
1326 1814 1381 1898 φό-

261 1915 340 1997 σειέ)
364 1912 439 1978 εἶναι
462 1915 557 1979 αὐτοῦ
580 1919 691 2004 πατήρ,
714 1915 816 1991 οὐδεὶς
837 1917 874 1980 δέ
896 1917 953 1981 δύο
977 1919 1125 2001 φυσικοὺς
1141 1917 1279 2000 πατέρας
1301 1914 1381 2004 ἔχειν

212 2023 242 2073 15
261 2014 431 2101 δόναταιδ)
476 2017 504 2082 εί
525 2019 561 2082 δέ
585 2023 703 2107 ποιήσω
731 2020 823 2084 αὐτὸν
854 2020 1093 2104 mancipum,
1119 2017 1193 2084 οὔτε
1220 2019 1301 2084 κατὰ
1331 2020 1381 2081 τὸν

261 2119 425 2195 πολιτικὸν,
449 2118 521 2184 οὔτε
547 2121 624 2184 κατὰ
653 2125 706 2185 τδν
735 2121 887 2205 φτεὸίιοτε
913 2123 1032 2208 μεταξὺ
1054 2129 1116 2187 τῶν
1146 2123 1265 2186 παίδων
1293 2119 1382 2204 ἀριδ-

258 2220 476 2309 μηθήσεταιθ)
521 2221 631 2288 οὐκοῦν
654 2223 717 2305 ε’γὼ
738 2226 797 2309 μὲν
819 2226 874 2290 οὐκ
896 2226 1106 2311 ἀναγκάζομαι
1131 2228 1266 2311 γράφειν
1288 2223 1382 2286 αὐτὸν

259 2322 451 2410 κληρονόμον
485 2322 559 2388 ου’δὲ
592 2325 643 2409 6⁷)
679 2325 810 2411 φυσικὸς
850 2330 951 2414 πατήρ
985 2327 1257 2417 ἀναγκασθήσεται
1290 2328 1381 2389 τοῦτο

260 2426 415 2509 πράττειν.
460 2424 542 2489 οὕτω
565 2429 624 2510 γὰρ
648 2426 733 2491 ἔσται
755 2426 848 2505 οὗτος
869 2429 887 2492 ό
910 2432 995 2509 παῖς,
1019 2429 1156 2515 ὥςπερῧ)
1186 2429 1214 2493 εί
1242 2428 1302 2493 ὑπὸ
1325 2431 1382 2492 σοῦ

210 2538 244 2590 20
261 2527 316 2593 τοῦ
338 2531 469 2612 φυσικοῦ
491 2532 609 2612 πατρὸς
631 2530 757 2612 γέγονεν
780 2531 1007 2613 emancipatos
1047 2535 1074 2596 5.
1098 2529 1181 2595 Ἀλλά
1203 2535 1303 2595 ταῦτα
1323 2530 1382 2615 μὲν
1397 2531 1424 2582 ὅ·

261 2632 337 2694 κατὰ
360 2633 394 2694 τὸ
417 2632 561 2711 παλαιόν,
591 2633 731 2710 διάταξις
758 2633 795 2697 δὲ
821 2634 931 2716 γέγονε
962 2637 1015 2696 τοῦ
1042 2632 1196 2718 ήμετέροο
1225 2631 1383 2714 βασιλέως

220 2750 224 2758 ·
260 2732 415 2818 μηδεμίαν
448 2732 524 2798 είναι
549 2734 728 2820 βουλομένη
756 2735 911 2820 διαφορὰν
945 2734 978 2798 έν
1012 2733 1206 2819 διαθήκαιςί)
1236 2733 1383 2818 ἀρρένων

261 2835 309 2897 καὶ
337 2834 484 2921 θηλειῶν·
521 2838 669 2922 ἑκάτερον
701 2837 761 2920 γὰρ
790 2837 957 2920 πρόσωπον
987 2838 1067 2920 πρὸς
1094 2833 1215 2899 παίδων
1242 2835 1383 2921 γέννησιν

261 2935 433 3025 ἐπιτήδειον
455 2938 569 3023 ὁμοίως
591 2942 610 3026 ή
634 2940 727 3024 φάσις
748 2941 922 3025 προήγαγε,
954 2937 1095 3002 κάκεῖθεν
1118 2939 1212 3025 δήλου
1238 2939 1284 3024 μή
1306 2937 1386 3001 εἶναι’

210 3045 244 3096 25
262 3062 328 3103 τινα
348 3040 467 3124 μεταξὺ
490 3041 592 3105 αὐτῶν
615 3042 776 3125 διάκρισιν,
804 3041 842 3114 ἐξ
861 3040 906 3104 ὧν
928 3042 945 3103 δ
968 3039 1204 3113 δωδεκάδελτος
1232 3039 1271 3112 ἐξ
1295 3039 1385 3102 ἀδια-

260 3140 355 3206 θέτου
386 3143 501 3224 ὁμοίως
533 3143 672 3229 ἄρρενας
700 3145 860 3207 καλεῖταί
888 3142 1024 3228 θηλείας.
1074 3143 1123 3206 καὶ
1149 3143 1167 3206 δ
1194 3139 1383 3225 ρταόίωτῐθ)

261 3245 477 3333 ἀκολουθήσας
509 3247 650 3331 φαίνεται
681 3247 730 3331 τῷ
760 3244 1010 3330 δωδεκαδέλτῳ,
1052 3245 1167 3308 ἁπλοῦν
1201 3243 1301 3307 τοίνυν
1333 3246 1385 3306 καὶ

260 3349 366 3432 ὅμοιον
395 3349 582 3437 εἰσηγήσατο
607 3349 700 3433 νόμον
721 3346 771 3410 ἐπὶ
797 3348 871 3411 υίῶν
899 3349 949 3410 καὶ
970 3346 1155 3430 θυγατέρων
1182 3347 1233 3409 καί
1254 3345 1380 3408 πάντων

261 3454 324 3514 τῶν
347 3450 385 3522 ἐξ
404 3451 629 3534 ἀρρενογονίας
651 3450 885 3533 καταγομένων,
916 3449 952 3513 υό
980 3451 1077 3533 μόνον
1105 3449 1280 3536 τεγθέντων
1310 3447 1383 3534 ήδη,

211 3567 246 3620 30
264 3551 340 3615 ἀλλὰ
360 3553 410 3615 καί
428 3553 693 3637 κυοφορουμένων
721 3555 771 3617 καὶ
798 3551 834 3617 ου’
862 3554 960 3637 μόνον
989 3551 1196 3630 δπεξουσίων,
1227 3549 1304 3614 ἀλλὰ
1332 3552 1384 3613 καὶ

329 3840 351 3905 1)
370 3854 414 3892 σοι
431 3838 482 3893 m.
500 3839 542 3894 vi.
560 3839 593 3893 R.
654 3840 678 3908 ²)
696 3840 803 3905 διαθέμ.
820 3839 870 3893 hl.
887 3839 937 3893 11².
955 3839 987 3894 F.
1040 3839 1063 3904 1)
1080 3837 1105 3891 εί
1121 3837 1177 3906 γὰρ
1194 3837 1233 3891 Μ.
1250 3836 1299 3890 bl.
1317 3837 1381 3890 M:

262 3922 325 3975 έπεί
336 3923 391 3990 γὰρ
409 3923 440 3977 F.
503 3925 527 3989 4)
546 3926 658 3992 φυσικὸς
674 3923 716 3978 vi.
734 3924 768 3981 R.
838 3927 861 3990 ὓ)
878 3925 947 3980 haec
963 3925 1003 3978 sic
1018 3924 1071 3992 leg.
1089 3923 1120 3979 F.
1136 3921 1202 3993 “ἔχω
1222 3920 1306 3974 αὐτὸν
1326 3921 1383 3988 ἐγὼ

263 4007 279 4061 δ
296 4009 378 4068 θετὸς
395 4010 487 4079 πατὴρ
506 4009 564 4062 υίὸν
583 4010 627 4062 καί
644 4008 726 4077 φύσει
743 4011 815 4062 δοκῶ
835 4007 905 4062 εἶναι
921 4009 1021 4078 πατήρ.
1129 4009 1153 4075 ⁶)
1170 4023 1269 4075 συναρ.
1287 4005 1330 4061 V'L
1348 4005 1382 4063 R.

261 4093 285 4159 ²)
302 4093 327 4146 (L
345 4092 394 4148 111.
412 4093 460 4147 m.
479 4094 510 4149 F.
625 4095 649 4162 8)
667 4093 747 4155 οὗτος
763 4094 801 4155 ὡς
818 4094 865 4149 (λε
883 4093 909 4146 εί
926 4091 994 4148 ὥστε.
1014 4093 1044 4146 L.
1156 4093 1180 4158 ⁹)
1197 4109 1265 4162 -κη
1285 4091 1328 4145 Ἦ.
1347 4091 1382 4146 R

262 4179 297 4246 1⁵)
314 4178 345 4230 δὲ
361 4178 403 4234 κά.
422 4178 464 4234 vi.
481 4179 513 4233 R.
