2990 4884
532 424 747 487 ..77-

88 603 189 672 luteris
211 609 345 688 nemine,
368 610 422 693 qui
444 610 476 674 id
498 610 678 691 constituit,
701 610 899 678 atilianus
921 618 1062 680 uocatur.
1107 631 1205 694 angu-

89 724 158 790 stior
178 733 285 795 autem
308 747 346 794 ea
367 729 417 794 lex
439 736 498 801 est,
521 734 632 809 utpote
654 747 734 812 quae
754 729 872 796 Rornae
893 734 1028 809 tantum,
1051 748 1113 798 nen
1128 747 1205 796 uero

88 851 168 910 entra
189 845 339 926 optineat.
368 847 401 911 in
423 847 593 931 prouinciis
615 852 719 913 autem
742 846 783 913 ad
806 847 874 913 eius
897 847 1102 914 imitationem
1125 849 1205 914 duae

88 962 164 1046 leges
185 961 272 1031 latae
294 972 369 1031 sunt
390 964 471 1032 Iulia
494 971 526 1033 et
548 965 641 1046 Titia,
665 966 779 1050 quibus
802 973 929 1034 cautum
952 974 1010 1046 est,
1034 975 1083 1047 ut,
1107 969 1135 1034 si
1157 974 1206 1034 tu·

88 1089 132 1148 tor
151 1082 293 1158 deficiat,
316 1084 433 1152 iudicio
454 1085 608 1168 praesidis
632 1086 812 1167 prouinciae
833 1091 920 1152 tutor
935 1087 1037 1165 detur,
1061 1089 1115 1167 qui
1133 1088 1206 1154 inde
1239 1087 1257 1138 5

57 1210 74 1259 1.
88 1202 360 1270 iuliotitianus
381 1204 480 1269 audit.
521 1206 550 1268 1.
584 1204 648 1271 Nec
670 1209 795 1270 tentum
819 1223 895 1269 uero
917 1209 1044 1271 tutores
1068 1223 1129 1271 nen
1152 1205 1207 1270 ha·

88 1321 166 1386 beuti
188 1321 338 1390 atilianus
360 1341 418 1389 seu
440 1322 647 1389 iuliotilianus
670 1329 756 1389 tutor
779 1321 893 1402 datur,
916 1328 965 1389 set
988 1322 1133 1390 etiamsi
1156 1341 1207 1388 ex·

87 1445 128 1504 tet
147 1439 275 1522 quidem
297 1445 398 1518 tutor,
428 1439 570 1521 qualibet
600 1446 705 1507 autem
736 1459 833 1507 causa
859 1441 1047 1521 impediatur
1076 1442 1206 1507 tutelam

87 1561 249 1642 suscipere.
293 1559 368 1642 quid
390 1561 471 1625 enim
498 1560 525 1625 si
552 1559 622 1642 quis
648 1561 784 1625 moriens
813 1557 911 1624 filium
939 1577 1030 1624 suurn
1059 1561 1206 1627 heredem

86 1677 237 1757 instituat,
261 1677 315 1744 det
337 1682 442 1744 autem
467 1679 496 1744 ei
519 1683 655 1744 tutorem
678 1679 736 1744 suh
763 1679 945 1745 condicione
977 1679 1023 1744 »si
1049 1681 1139 1746 nauis
1169 1700 1206 1748 ex
1227 1695 1258 1748 ιο

86 1797 155 1863 dsia
177 1797 333 1875 uenerit«,
356 1802 412 1862 aut
432 1797 465 1862 in
487 1797 580 1876 diem,
601 1797 685 1863 idest
704 1803 775 1880 post
791 1797 820 1862 [Ι
834 1816 933 1864 annos
949 1817 1043 1880 quam
1065 1806 1208 1866 mortuus

86 1917 162 1982 erit?
197 1916 296 1982 denec
324 1915 465 1982 condicio
494 1921 551 1981 aut
579 1915 647 1982 dies
674 1917 804 1998 pendet,
832 1914 981 1982 atilianus
1010 1922 1066 1982 aut
1095 1917 1206 1983 iulioti-

86 2035 185 2100 tianus
207 2040 295 2101 tuter
317 2035 420 2101 datur.
465 2035 493 2100 si
511 2042 621 2102 autem
643 2055 722 2117 pure
744 2036 837 2101 datus
860 2043 922 2110 est,
944 2037 1079 2118 scriptus
1102 2042 1206 2102 autem

86 2153 170 2218 heres
194 2153 348 2220 deliberat
370 2154 409 2220 de
430 2154 606 2220 hereditate
628 2154 773 2220 adeunda
795 2153 891 2238 (finge
914 2155 995 2220 enim
1025 2162 1206 2220 extraneum

86 2273 257 2338 institutum
291 2291 359 2338 esse
386 2273 551 2352 heredem,
580 2273 827 2354 exheredemque
855 2272 953 2339 filium
980 2274 1096 2340 factum
1128 2293 1206 2350 esse,
1228 2291 1258 2340 15

86 2396 217 2460 tutorem
240 2398 346 2458 autem
374 2412 453 2474 pure
475 2409 545 2458 esse
576 2390 699 2472 datum,
728 2398 779 2458 set
806 2392 943 2458 nendum
971 2393 1107 2458 creuisse
1136 2392 1207 2458 scri-

87 2516 169 2590 ptum
191 2511 352 2591 heredem)
375 2512 406 2574 in
428 2509 488 2577 hoc
510 2528 635 2593 quoque
658 2529 743 2590 casu,
767 2511 869 2578 medio
893 2517 1032 2593 tempore
1061 2508 1207 2574 atilianus

86 2646 138 2694 seu
159 2629 366 2695 iuliotitianus
389 2636 475 2696 tuter
498 2629 601 2696 datur.
646 2629 675 2695 si
697 2649 774 2696 uero
802 2629 943 2706 condicio
970 2629 1123 2706 extiterit,
1153 2635 1208 2694 aut

87 2745 148 2811 dies
169 2748 281 2824 aderit,
305 2749 361 2838 aut
381 2747 473 2813 heres
495 2747 625 2825 adierit,
654 2754 728 2814 tunc
750 2748 804 2830 qui
827 2753 1016 2814 testamento
1045 2748 1137 2814 datus
1160 2752 1209 2812 est

51 2871 71 2922 2.
87 2861 212 2930 tutelam
236 2864 397 2947 suscipiet,
419 2866 506 2931 ethi
528 2871 651 2932 tutores
674 2883 744 2932 esse
771 2866 925 2932 desinent.
970 2867 1000 2928 2.
1035 2866 1082 2931 hh
1111 2865 1208 2930 hosti·
1225 2875 1259 2926 no

87 2983 142 3048 hus
164 3001 288 3068 quoque
311 2992 416 3050 tutore
438 2991 540 3067 capto,
563 2985 640 3051 item
662 2985 781 3051 Romae
802 2984 961 3063 atilianus,
984 2985 1014 3049 in
1038 2985 1208 3066 prouinciis

87 3107 186 3167 autem
208 3101 413 3169 iuliotihanus
444 3101 551 3182 datur,
581 3103 636 3188 qui
665 3104 788 3170 desinet
815 3121 884 3170 esse
907 3109 1011 3182 tutor,
1041 3105 1068 3166 si
1098 3105 1124 3167 is
1154 3102 1208 3183 qui

88 3226 191 3302 captus
214 3226 264 3288 est
284 3223 390 3290 hostes
412 3221 573 3304 effugerim
596 3241 745 3290 reuersus
767 3223 848 3290 enim
875 3220 1005 3288 tutelam
1033 3223 1101 3287 iure
1123 3226 1206 3302 pust·

52 3347 72 3398 a
89 3337 193 3404 liminii
215 3341 338 3422 recipit.
382 3340 413 3404 3.
449 3341 505 3407 Set
525 3342 603 3408 haec
625 3342 751 3425 quidem
773 3340 864 3420 olim;
891 3347 1001 3423 postea
1023 3345 1128 3406 autern
1150 3339 1208 3404 ati·

87 3453 160 3521 hani
180 3475 234 3524 seu
263 3457 445 3525 iuliotitiani
474 3463 596 3525 tutores
626 3458 694 3524 dari
723 3459 900 3538 desierunt;
927 3464 1097 3542 coeperunt
1125 3459 1259 3550 enimtpp
