2990 4884
598 350 809 416 ..75-

396 635 444 704 De
464 633 630 704 tiduoiaria
651 638 762 705 tutela
807 638 931 706 Titulus
956 639 1005 704 19.

225 821 357 890 Praeter
379 823 441 890 iam
464 824 565 890 dietas
587 825 704 890 tutelas
726 824 790 891 alia
811 842 936 908 quoque
958 830 1017 906 est,
1038 843 1121 908 quae
1139 825 1266 894 fiducia·

135 940 187 1006 ria
209 940 397 1022 appellatur.
432 942 459 1007 si
482 943 564 1008 enim
586 941 685 1008 tilium
708 961 811 1010 meum
835 945 1073 1026 emancipauero
1096 944 1149 1012 uel
1169 943 1266 1012 filiam

136 1057 193 1125 uel
214 1063 361 1141 nepotem
384 1060 436 1126 uel
457 1065 583 1142 neptem
610 1060 662 1126 uel
689 1067 892 1144 pronepotem
923 1065 974 1130 uel
1002 1068 1184 1145 proneptem
1210 1065 1268 1128 im·

35 1235 40 1244 .
137 1180 286 1262 puberes,
315 1198 373 1263 ego
395 1179 534 1261 quidem,
556 1182 650 1248 sicuti
672 1181 814 1268 proximo
829 1184 923 1251 titulo
938 1184 1167 1270 proposuimus,
1189 1184 1268 1268 legi·
1331 1257 1332 1260 ,

137 1301 237 1366 timus
265 1319 373 1366 eorum
402 1306 490 1368 tutor
515 1301 565 1368 fio.
616 1302 707 1370 liberi
737 1304 820 1370 enim
848 1305 959 1387 capitis
989 1303 1195 1370 manumissor
1224 1302 1266 1368 ad
1301 1310 1318 1361 b
1423 1293 1425 1298 ’

136 1419 347 1486 imitationem
371 1421 448 1500 eins,
471 1422 547 1505 quia
568 1440 588 1488 a
609 1441 687 1489 uera
708 1424 864 1490 seruitute
889 1423 1099 1502 manumittit,
1121 1422 1163 1487 ad
1184 1425 1265 1486 tute-

136 1539 203 1604 lam
225 1539 400 1606 uocabitur.
424 1540 473 1605 sin
494 1546 600 1607 autem
622 1541 737 1607 moriar
759 1541 867 1608 liberis
890 1541 990 1608 uirilis
1007 1559 1107 1608 sexus
1134 1540 1267 1606 extanti·

136 1659 216 1737 bus,
250 1658 303 1723 isti
332 1657 487 1725 fiduciarii
514 1665 638 1726 tutores
672 1661 844 1743 impuberis
871 1659 1060 1738 efficientur,
1094 1659 1183 1725 onius
1209 1675 1267 1741 per

138 1777 419 1859 emancipationem
441 1779 610 1860 legitimam
633 1781 764 1846 tutelam
787 1785 898 1845 nactus
925 1797 1004 1845 snm.
1056 1797 1113 1844 neo
1143 1781 1266 1843 tantum

138 1893 177 1961 fit
198 1895 298 1962 frater
320 1897 411 1962 fratri
433 1896 616 1963 fiduciarius
639 1903 740 1978 tutor,
763 1904 812 1964 set
839 1899 933 1964 etiam
961 1903 1094 1979 patruus
1124 1896 1266 1980 nepotis)
1285 1907 1319 1959 ιο

139 2019 198 2080 aut
220 2021 312 2097 pater
333 2014 407 2082 filio.
451 2022 483 2082 et
505 2016 604 2082 irater
625 2018 751 2100 quidem
778 2017 870 2083 fratri
899 2019 953 2083 ita.
1005 2017 1084 2082 duos
1111 2015 1266 2082 habebam

139 2133 232 2213 filios,
255 2151 389 2213 quorum
413 2135 494 2200 alter
515 2133 620 2200 XXVI
641 2153 793 2203 annorum
809 2139 865 2202 eut
880 2135 979 2200 maior
993 2140 1074 2209 erat,
1095 2134 1176 2199 alter
1190 2151 1266 2198 uero

140 2253 295 2334 impubes.
332 2253 527 2336 impuberem
551 2273 620 2320 oum
644 2255 906 2337 emancipasssm‚
932 2253 1106 2334 legitimam
1129 2253 1196 2318 eius
1218 2255 1268 2315 tu·

142 2371 237 2436 telam
260 2376 373 2438 neotus
402 2390 498 2437 eram.
551 2391 600 2439 me
628 2379 734 2437 autem
763 2373 924 2442 defuneto.
952 2371 1051 2436 irater
1078 2370 1133 2450 qui
1163 2373 1267 2435 aetate

142 2490 243 2556 maior
265 2495 324 2568 est,
347 2487 529 2556 fiduciarius
551 2496 638 2556 tutor
660 2493 728 2557 eius
750 2489 813 2556 fiet.
859 2491 996 2556 Patruus
1026 2493 1131 2554 autem
1160 2487 1266 2569 nepoti
1286 2491 1319 2544 15

142 2605 326 2690 quomodo?
348 2625 422 2674 enm
441 2607 539 2674 filium
561 2609 649 2675 XXV
673 2611 763 2675 annis
785 2610 934 2676 maiorem
956 2608 1104 2674 haberem
1127 2611 1160 2672 et
1174 2623 1268 2689 nepo·

141 2732 205 2792 tem
229 2746 267 2792 ex
288 2725 354 2792 tilio
380 2735 594 2810 praemortuo,
625 2733 768 2809 nepotem
797 2726 1002 2809 emancipaui.
1053 2744 1112 2807 ego
1142 2727 1267 2809 quidem

142 2844 211 2912 eins
233 2845 406 2926 legitimam
428 2847 560 2912 tutelam
583 2848 755 2924 nanciscar,
778 2864 828 2912 me
850 2851 956 2914 autem
979 2851 1115 2924 mortuo,
1136 2849 1269 2927 patruus

142 2963 323 3030 fiduciarius
345 2970 433 3031 tutor
452 2968 522 3032 erit.
566 2967 660 3032 Pater
683 2973 788 3032 autem
810 2964 867 3030 filii
889 2966 942 3029 ita.
967 2983 1037 3030 oum
1059 2961 1157 3028 filium
1179 2961 1268 3028 XXV

143 3085 232 3149 annis
255 3084 404 3150 maiorem
426 3085 574 3150 haberem
598 3089 630 3149 et
651 3089 795 3166 nepotem
819 3102 915 3150 exeo
938 3081 1145 3163 impuberem,
1174 3097 1268 3160 nepo-
1285 3084 1319 3136 20

143 3207 206 3266 tem
229 3200 435 3287 emancipari.
479 3203 547 3268 eius
569 3203 695 3282 quidem
717 3201 889 3284 legitimam
912 3199 1043 3266 tutelam
1066 3217 1125 3280 ego
1146 3198 1269 3263 nancis-

144 3339 205 3399 car,
228 3327 301 3402 post
323 3325 430 3387 autem
452 3321 519 3387 eius
542 3327 674 3388 mortem
696 3327 787 3404 pater
805 3320 987 3386 fiduciarius
1010 3324 1096 3384 tutor
1118 3318 1188 3383 erit.

229 3438 286 3506 Set
308 3439 370 3505 erit
391 3439 446 3520 qui
468 3440 562 3506 dieat.
585 3437 741 3524 quomodo
763 3439 800 3504 fit
822 3447 858 3504 ut
878 3439 1004 3522 patroni
1026 3436 1117 3506 liberi
1136 3427 1268 3517 legitimi

116 3556 340 3640 'impuberum
372 3558 554 3624 libertorum
591 3563 712 3624 tutores
745 3558 907 3636 dieantur,
941 3557 1204 3640 quemadmodum
1238 3559 1271 3620 et

143 3675 202 3758 ipsi
224 3677 366 3758 patroni,
389 3674 482 3744 liberi
505 3681 609 3742 autem
633 3681 813 3759 parentum,
846 3676 902 3758 qui
929 3676 1108 3757 impuberes
1137 3673 1270 3739 emanci-
1285 3677 1320 3730 25

144 3830 349 3842 ——-

212 3917 241 3980 a)
260 3919 306 3967 ret
323 3928 408 3982 nepos
425 3919 539 3983 patruos
558 3915 621 3970 addi
639 3919 756 3984 poterat,
774 3917 815 3968 set
827 3913 902 3970 Thus
920 3912 995 3968 nulla
1011 3909 1146 3982 probabili
1163 3908 1269 3963 rationo

146 3995 239 4052 omisit
