3038 4884
734 403 946 468 ...33-

280 583 378 669 ιιύςτε
414 592 554 674 τοῦτονῐ)
589 588 677 676 αύτῷ
707 588 910 676 ἀναδοδὴναι.
972 587 1156 672 πικρότατος
1180 585 1269 671 αύτῷ
1301 585 1399 670 φανὴ-

280 717 387 760 »σεται
408 696 426 758 ό
446 693 596 777 βασιλεὺς
624 695 751 758 τοιαῦτα
781 691 1003 779 πλημμελοῦντι
1033 691 1081 754 καὶ
1108 691 1161 777 τὴν
1190 685 1287 753 αύτοῦ
1314 709 1398 770 περι·

281 798 449 882 »γράφοντι
471 796 636 869 διόταξιν.ε

522 1204 570 1270 Do
592 1203 700 1288 putria
722 1206 891 1287 potestate.
900 1200 925 1285 ²)
973 1199 1096 1266 Titulus
1119 1202 1148 1265 9.

355 1355 514 1445 Ἔγνωμεν
536 1359 569 1422 ἐν
595 1362 659 1433 τοῖς
680 1357 892 1443 προλαβοῦσιν
912 1357 959 1418 ότι
981 1357 1015 1418 τὸ
1023 1355 1048 1437 ⁸)
1078 1353 1111 1419 in
1137 1357 1298 1437 potestate
1329 1351 1396 1442 ἐγυ-

242 1479 333 1548 5μεν
354 1464 432 1527 κατὰ
453 1464 517 1526 τῶν
538 1459 704 1548 ἡμετέρων
725 1460 851 1523 ολιετιῦν
874 1459 924 1522 καί
945 1458 1024 1521 κατὰ
1050 1460 1115 1522 τῶν
1144 1455 1306 1542 ἡμετέρων
1330 1459 1395 1520 παί·

274 1567 349 1629 δων.
383 1570 438 1652 τῆς
460 1563 497 1627 δέ
519 1563 598 1627 κατὰ
618 1565 681 1626 τιῦν
703 1563 829 1625 οἰκετων
852 1560 1018 1650 λεχθείσης
1033 1561 1299 1647 όπεξουσιότητος,
1322 1558 1395 1623 ύπό·

273 1669 378 1731 λοιπον
401 1668 495 1730 ελπείν
518 1668 552 1729 τό
575 1665 654 1729 κατὰ
676 1667 738 1727 των
761 1665 837 1728 υίιῦν
864 1664 896 1728 in
925 1664 1130 1747 potestatem
1173 1664 1206 1728 in
1233 1665 1394 1746 potestate

274 1767 384 1858 ἔγαμεν
406 1769 482 1845 τοὺς
502 1768 677 1854 ἡμετέρους
700 1766 820 1845 παῖδας,
843 1766 899 1842 οῦς
921 1768 959 1841 ἐξ
978 1767 1116 1848 ἐννόμων
1145 1767 1323 1855 ἐσγὴιαμεν·
1340 1765 1394 1845 γά-

272 1894 351 1956 μων.
388 1875 415 1933 l.
433 1868 467 1932 ζ0
490 1870 526 1933 δέ
546 1870 646 1952 γάμος
663 1868 781 1955 εὴοηται
800 1872 944 1956 ῥωμαῦιὴ
966 1869 1114 1952 διαλέκτῳ
1137 1869 1268 1952 nuptiae
1289 1867 1388 1957 ἡτοιῧ)
1409 1875 1429 1924 1.

225 1985 257 2037 10
273 1971 521 2038 matrimonium.
567 1973 614 2034 καὶ
636 1971 666 2034 τί
686 1971 751 2035 ἐστι
772 1973 887 2056 γύμος;
918 1971 1034 2056 ἀνδρὸς
1062 1975 1110 2036 καὶ
1139 1975 1282 2052 γυναυιδς
1304 1975 1394 2036 συνά-

274 2098 350 2160 φεια
378 2075 552 2162 ἀχώριστον
578 2077 634 2139 τοῦ
662 2074 734 2156 βίου
762 2075 815 2161 τὴν
850 2074 1020 2162 συνὴδειαν
1050 2075 1298 2161 ἐπαγγελλομένη
1327 2075 1395 2164 ἦτοι

273 2176 503 2264 περιέγουσαί).
548 2177 577 2240 2.
617 2177 654 2240 Τδ
677 2176 713 2240 δὲ
734 2175 767 2240 in
788 2181 959 2258 potestate,
982 2179 1062 2260 ὅπερ
1087 2176 1199 2266 ἔχομεν
1229 2180 1307 2242 κατὰ
1327 2187 1393 2243 τῶν
1410 2171 1433 2221 ²·

271 2278 435 2365 ἡμετέρων
457 2278 576 2342 παίδων
596 2279 693 2363 μόνον
711 2278 864 2364 ρωμαίων
886 2277 963 2342 ἴδιόν
985 2279 1075 2343 ἐστιν.
1119 2278 1224 2354 ούδεὶς
1245 2281 1306 2364 γὰρ
1329 2281 1395 2346 ἐτε-

269 2404 330 2467 ρος
369 2383 445 2446 κατὰ
478 2386 540 2447 τῶν
574 2380 695 2445 οἰκείων
729 2382 846 2446 παίδων
880 2383 1023 2469 τοιαύτην
1055 2380 1118 2470 ἔχει
1151 2381 1394 2471 ύπεξουσιότητα

224 2495 255 2546 15
272 2487 380 2551 όποῖαν
398 2487 551 2570 ρωμαῖοι,
580 2475 660 2562 ιύςτε
689 2481 744 2546 οὖν
772 2483 972 2566 iurisciuile⁷)
1001 2485 1063 2548 ἐστὶ
1094 2486 1237 2567 r013w⁸)·
1266 2489 1301 2550 τδ
1332 2488 1393 2574 γὰρ
1494 2539 1495 2572 γ

272 2588 349 2651 κατὰ
372 2591 435 2651 τῶν
457 2587 588 2651 οἰκετῶν
609 2585 828 2668 ἰυτίεςόυῦὶοιι.
872 2588 903 2651 3.
931 2586 966 2649 ‘0
988 2586 1088 2652 τοίνυν
1111 2589 1149 2662 ἐξ
1168 2588 1246 2674 ἐμοῦ
1264 2592 1313 2653 καί
1337 2595 1392 2677 τῆς
1409 2596 1432 2647 3.
1494 2575 1495 2592 ’

272 2690 349 2775 ἐμῆς
371 2689 547 2772 ταττόμενος
570 2694 705 2776 γαμετῆς
733 2689 808 2770 ἐμδς
830 2689 1012 2764 ὑπεξούοιός
1034 2690 1125 2754 ἐστιν.
1169 2690 1321 2766 ὡσαύτως
1344 2695 1393 2755 καὶ

272 2791 347 2854 όέιι
366 2794 423 2856 τοῦ
447 2791 629 2864 ὑπεξουσίου
650 2815 712 2874 μου
736 2793 846 2868 παιδός
873 2795 923 2856 καί
949 2798 1003 2880 τῆς
1026 2793 1123 2861 αὐτοῦ
1143 2795 1318 2877 ταττόμενος
1339 2818 1392 2874 γα-

270 2898 383 2980 μετῆς,
411 2893 567 2957 τουτέστιν
596 2895 613 2956 ό
642 2894 717 2979 ἐμὸς
745 2893 872 2977 ἔκγονος
897 2898 945 2959 καί
970 2899 989 2983 ἡ
1019 2896 1078 2984 ἐμὴ
1108 2897 1238 2984 ἐιγόνη,
1277 2897 1392 2980 δμοίως

160 3007 161 3012 ’
221 3003 256 3054 ῦο
272 2997 342 3078 ἐμοὶ
362 2996 547 3083 γενησονται
569 2994 756 3069 ῦπεξούσιοι.
802 2999 836 3060 τδ
858 2996 934 3064 αὐτὸ
965 3000 1012 3062 καί
1039 2998 1088 3062 ἐπί
1116 2999 1315 3082 προειγόνων
1344 2999 1393 3062 καί

272 3098 451 3181 όπειιγόνων
472 3099 523 3160 καὶ
545 3101 605 3160 τῶν
628 3096 788 3184 ἑφεξῆςθ).
827 3100 855 3163 οί
882 3101 942 3182 γὰρ
969 3101 1006 3164 ἐτ’
1033 3106 1087 3188 τῆς
1116 3102 1195 3188 ἐμῆς
1224 3100 1392 3176 ταιτόμενοι

159 3193 161 3198 ’
271 3201 429 3284 δυγατρδς
451 3197 507 3286 οὐχ
531 3198 801 3285 ύπόβληόὴοονται
822 3205 860 3288 τῇ
883 3201 1114 3290 ῦπεξουσιότητι
1142 3207 1198 3270 τοῦ
1226 3205 1306 3288 πρὸς
1332 3226 1392 3289 μη·

271 3306 346 3391 τρδς
368 3304 492 3367 πάππου
502 3303 551 3385 ¹⁰),
576 3302 647 3365 ἀλλ’
671 3303 847 3377 ύπεξούσιοι
869 3302 992 3368 ἔσονται
1012 3309 1061 3392 τῷ
1084 3305 1196 3391 λδίῳῑῑ)
1221 3305 1326 3390 πατρί.

337 3493 361 3556 l)
378 3491 491 3548 τούτους
502 3487 535 3542 R.
588 3487 611 3556 ἵ)
625 3485 693 3558 Περὶ
705 3494 835 3558 πατρικῆς
846 3490 969 3551 ἐξουσίας
981 3491 1041 3547 αδδ
1055 3492 1124 3547 libri.
1176 3493 1201 3553 ³)
1215 3491 1257 3546 de.
1271 3490 1391 3547 emant

269 3578 301 3632 F.
362 3578 386 3644 4)
403 3573 464 3646 ἤτοι
483 3574 649 3634 όπεξουσίων
669 3575 698 3628 P.
718 3575 876 3635 ύπεξούσιον
895 3577 954 3631 edu.
973 3583 1036 3633 ante
1053 3577 1084 3632 F.
1102 3578 1167 3633 item
1184 3578 1217 3634 R.
1290 3579 1313 3646 ⁵)
1332 3579 1390 3630 siue

269 3661 303 3716 R.
387 3663 411 3728 θ)
428 3659 511 3732 ἤγουν
530 3662 689 3733 παρέχουσα
706 3661 739 3716 R.
843 3663 866 3725 ί)
883 3662 924 3726 Ρ.,
942 3663 1008 3717 iuris
1027 3662 1114 3718 ciuilis
1131 3664 1163 3718 F.
1181 3663 1214 3718 R.
1316 3663 1340 3730 ⁸)
1357 3665 1389 3715 τὸ

271 3749 381 3813 νόμιμον
400 3747 460 3803 add.
478 3747 512 3802 R.
631 3750 655 3814 ⁹)
673 3749 703 3806 P.
722 3750 765 3818 R,
784 3751 951 3820 προεγγόνου
969 3752 1010 3804 καί
1027 3753 1197 3822 προτγγόνης
1213 3750 1257 3804 καί
1274 3767 1299 3803 τ.
1317 3749 1340 3804 ἐ.
1357 3747 1389 3804 F.

269 3835 305 3900 1⁰)
322 3834 390 3898 ἐμοῦ
408 3835 533 3906 δηλονότι
550 3834 612 3890 αδδ.
629 3835 661 3889 R.
765 3838 801 3903 11)
818 3835 905 3906 οἰκείῳ
922 3836 953 3890 Ρ.
