3078 4882
610 453 841 518 -166'-

276 741 397 820 Quibus
424 760 485 807 non
515 749 564 807 est
593 744 778 824 permissum
808 747 1031 808 testamentum
1060 742 1172 809 iacere.

627 861 750 926 Titulus
776 861 824 925 12.

251 1046 383 1124 Quidam
406 1046 547 1112 homines
569 1053 740 1123 testantur,
769 1046 895 1128 qnidam
926 1052 1031 1112 antem
1061 1066 1131 1113 non.
1183 1054 1216 1115 et
1244 1050 1289 1113 di·

162 1166 296 1231 cendum
319 1173 369 1230 est
390 1165 428 1230 de
451 1167 489 1230 iis
512 1167 565 1246 qui
589 1167 700 1231 testari
723 1174 867 1246 possunt:
891 1171 940 1230 set
962 1183 1032 1231 cum
1054 1166 1077 1230 ii
1092 1167 1199 1246 plures
1214 1168 1288 1240 sint,

161 1285 366 1367 dispiciamus
388 1284 476 1365 prius
499 1286 538 1350 de
560 1286 599 1350 iis
629 1285 683 1367 qui
710 1287 820 1351 testari
850 1294 1021 1365 nequeunt,
1052 1285 1107 1367 qui
1136 1294 1168 1351 et
1195 1287 1287 1367 pauci

161 1411 247 1484 sunt,
270 1411 306 1469 ut
327 1404 400 1469 inde
423 1411 543 1471 ceteros
565 1423 740 1470 noscamus.
786 1412 818 1470 et
845 1405 876 1470 in
904 1404 1013 1485 primis
1040 1405 1150 1487 nequit
1176 1407 1287 1472 testari

159 1523 390 1599 filiusfamilias,
411 1544 483 1591 nem
507 1531 727 1592 testamentum
751 1530 800 1590 est
827 1527 977 1592 bonorum
1005 1525 1166 1607 dispositio
1194 1542 1287 1606 quae·
1322 1548 1338 1598 a

160 1644 252 1722 dam;
274 1642 492 1710 filiusfamilias
514 1652 620 1712 autem
643 1646 761 1727 nequit,
784 1651 880 1725 prout
903 1645 981 1723 uult,
1005 1664 1063 1710 sua
1086 1646 1168 1711 bona
1185 1645 1288 1728 dispo·

158 1781 247 1841 nere,
270 1769 320 1828 set
341 1763 420 1829 adeo
442 1767 553 1830 testari
575 1766 760 1846 prohibetur
782 1773 817 1830 ut
839 1765 866 1829 si
889 1785 947 1847 ego
969 1770 1061 1846 puter
1087 1782 1178 1840 sunS,
1206 1765 1288 1830 sicut

157 1881 228 1946 lieri
252 1883 342 1960 solet,
364 1901 434 1947 eum
458 1883 590 1963 diligens
611 1883 790 1965 permittam
819 1883 862 1962 ei,
893 1882 976 1949 sicut
1003 1884 1095 1964 uelit,
1124 1884 1162 1950 de
1192 1884 1284 1949 bono·

158 2021 229 2066 rum
254 2020 394 2066 meorum
421 2009 512 2084 parte
540 2005 668 2080 testari,
698 2021 758 2067 non
788 2001 893 2067 ualeat
919 2003 1004 2082 qnod
1033 2003 1072 2068 ab
1103 2021 1140 2068 eo
1170 2003 1286 2069 iactum
1394 2075 1399 2086 ,

157 2121 211 2184 sit.
268 2137 329 2185 non
364 2120 458 2186 debet
493 2122 575 2186 enim
604 2122 720 2202 priuati
749 2121 883 2185 hominis
911 2120 1058 2186 uoluntas
1088 2123 1157 2188 iure
1185 2124 1288 2205 potior
1308 2148 1339 2199 10

156 2257 238 2305 esse.
278 2246 353 2305 sunt
373 2241 428 2320 qui
449 2241 523 2305 licet
545 2240 645 2305 alieno
667 2239 729 2304 iuri
751 2239 883 2306 subiecti
906 2240 983 2320 sint,
1014 2242 1125 2306 testari
1154 2241 1286 2324 possint,

157 2359 259 2425 ueluti
293 2361 347 2440 qui
379 2366 539 2426 castrense
567 2360 722 2440 peculium
750 2361 876 2426 babent.
930 2362 961 2424 id
991 2367 1096 2426 autem
1128 2361 1167 2426 ab
1197 2361 1286 2426 initio

155 2479 366 2545 militantibus
388 2486 511 2545 tantum
534 2496 714 2545 eoncessum
734 2486 783 2544 est
798 2485 863 2544 tam
879 2499 916 2543 ex
932 2481 1124 2544 auctoritate
1141 2479 1285 2559 Augusti,

155 2615 254 2680 quam
269 2599 403 2678 Neruae,
428 2618 546 2665 necnon
566 2600 674 2681 optimi
697 2598 894 2681 imperatoris
915 2598 1052 2663 Traiani.
1076 2604 1188 2678 postea
1211 2617 1286 2664 uero

155 2717 341 2783 constitutio
366 2717 517 2783 Hadriani
540 2720 634 2784 etiam
658 2720 814 2784 ueteranis
836 2718 869 2783 id
891 2736 985 2799 aegre
1001 2716 1174 2783 ferentibus
1201 2716 1287 2782 filiis·
1307 2733 1337 2784 15

153 2835 292 2902 familias
325 2837 436 2902 testari
469 2837 630 2903 concessit.
694 2841 726 2902 ct
759 2837 787 2902 si
821 2836 951 2902 iecerint
992 2853 1099 2901 omnes
1133 2835 1285 2901 eiusmodi

154 2975 311 3037 personae
334 2956 374 3021 de
396 2957 548 3021 castrensi
570 2955 692 3037 peculio
714 2959 945 3032 testamentum,
969 2956 1000 3020 id
1024 2957 1064 3022 ab
1089 2954 1129 3020 iis
1151 2957 1286 3039 scriptus

154 3078 250 3141 heres
272 3075 421 3157 accipiet;
444 3076 492 3139 sin
515 3081 619 3139 autern
642 3074 782 3140 intestati
805 3073 1014 3152 decesserint,
1043 3093 1148 3156 neque
1170 3075 1286 3139 liberos

154 3196 310 3261 habentes
331 3212 433 3273 neque
455 3194 569 3259 fratres
583 3193 778 3275 superstites,
801 3193 871 3258 iure
889 3192 1053 3271 communi,
1078 3193 1170 3258 sicuti
1186 3192 1284 3271 quod-

155 3314 235 3378 libet
267 3331 460 3394 pcganorum
493 3312 670 3394 peculium,
708 3315 748 3378 erl
783 3331 890 3378 eorum
924 3319 1072 3395 parentes
1105 3310 1283 3394 pertinebit.
1303 3333 1338 3386 20
1423 3391 1426 3395 .

154 3450 229 3497 cum
252 3432 334 3496 enim
355 3433 426 3512 quis
447 3432 552 3513 legum
574 3449 726 3497 nouarum
748 3430 898 3498 beneficio
922 3432 1049 3496 minime
1077 3434 1203 3508 utatur,
1233 3450 1286 3496 ue·

154 3552 218 3616 teri
252 3551 314 3616 iuri
346 3551 433 3617 locus
460 3551 531 3618 erit.
582 3552 655 3617 olim
683 3551 809 3635 quidem
837 3570 928 3617 omne
956 3550 1133 3633 peculium,
1162 3555 1285 3615 mortuo

153 3669 231 3749 tilio,
254 3672 338 3751 patri
360 3673 581 3753 quaerebatur.
626 3670 730 3751 plures
754 3669 951 3738 differentiae
979 3675 1053 3736 sunt
1083 3669 1169 3734 iuter
1190 3687 1285 3750 paga·
