3078 4882
601 393 833 457 -196-

99 603 129 653 a
148 581 230 644 enim
258 559 483 646 testamentum
511 580 579 646 sina
608 579 704 646 dubie
731 569 937 645 nullum'est
989 579 1019 643 8.
1053 579 1171 644 Eadem
1202 597 1273 646 cen·

149 697 317 764 stitutione
340 698 415 763 illud
438 715 564 780 quoque
585 705 727 775 cauetur,
750 717 790 764 ne
812 697 964 764 eiusmodi
985 699 1143 763 institutio
1158 699 1273 773 ualeat,

147 837 214 900 qna
241 818 388 883 heredem
417 816 487 898 quis
517 815 683 884 Caesarem
710 818 873 896 instituat,
902 835 972 883 cum
1002 814 1090 881 litem
1118 817 1273 883 aduersus

146 938 305 1020 quendam
330 938 454 1004 habeat.
504 937 717 1017 nequeenim
743 937 849 1003 ualida
876 937 1055 1004 huiusmodi
1084 944 1274 1002 testamenta

146 1075 218 1124 esee
238 1058 293 1136 ait,
316 1076 418 1138 neque
440 1057 668 1124 institutionem
691 1058 839 1139 principie
861 1057 946 1122 nuda
967 1075 1044 1124 nece
1066 1055 1180 1122 factam
1203 1073 1273 1122 sese
1307 1057 1324 1105 5

146 1176 358 1242 admissurum
373 1194 474 1258 neque
490 1194 528 1241 ex
543 1177 607 1242 ulla
622 1175 779 1256 scriptura
793 1175 912 1257 aliquid
927 1180 1127 1255 accepturum
1150 1191 1272 1256 expres·

147 1297 200 1374 sit,
223 1297 284 1360 nial
306 1295 385 1360 iuris
407 1297 579 1362 auctoritas
602 1291 782 1378 plenissima
803 1295 941 1360 accedat
994 1293 1166 1360 secundnm
1192 1295 1273 1360 hanc

146 1414 402 1482 constitutionem
432 1414 497 1480 diui
520 1414 657 1480 Seuerus
687 1421 719 1480 et
748 1412 924 1479 Antoninus
953 1414 1078 1494 saepius
1108 1413 1273 1496 rescripse-

145 1542 239 1600 runt:
261 1534 335 1632 licet
357 1535 439 1599 enim
461 1533 583 1614 legibus
610 1533 704 1599 soluti
727 1551 851 1607 sumus,
878 1539 1019 1599 attamen
1047 1531 1170 1614 legibus
1193 1531 1273 1598 uiui-

146 1673 231 1720 mus.
278 1673 373 1736 qnam
405 1671 514 1719 uocem
543 1652 622 1719 adeo
652 1653 790 1718 diuinam
821 1671 877 1718 nes
909 1652 1121 1734 magnifacere
1148 1656 1326 1732 eportet10

146 1793 184 1841 ac
207 1774 335 1858 saepius
356 1772 549 1857 praedicare.

354 2383 402 2450 De
424 2383 597 2450 inofficioso
619 2391 818 2450 testamento.
862 2382 987 2448 Titulus
1011 2382 1060 2446 18.

236 2571 380 2638 Diximus
402 2573 546 2653 superius
569 2589 663 2652 pesse
685 2578 831 2653 parentes
858 2567 890 2633 in
919 2567 1116 2650 testamentis
1140 2567 1274 2634 conden-

147 2694 197 2760 dis
219 2693 335 2757 liberos
361 2689 493 2756 heredes
522 2708 583 2755 non
617 2691 769 2767 scrihere,
804 2696 853 2754 aet
885 2688 1055 2755 exheredes
1087 2687 1191 2753 facere
1223 2688 1273 2753 uel

147 2813 330 2896 praeterire,
353 2811 386 2875 in
408 2828 541 2893 quorum
565 2828 676 2892 nempe
697 2811 838 2891 personis
860 2808 1042 2891 praeteritio
1069 2826 1126 2890 pre
1148 2807 1275 2874 exhere-

148 2931 276 2997 datione
298 2929 459 3012 accipitur.
482 2938 531 2996 set
554 2950 591 2996 ea
615 2928 764 2996 facultate
778 2929 868 2994 abusi
889 2935 1036 3011 parentes
1057 2926 1176 2994 liberes
1198 2945 1273 2994 suos
1295 2947 1325 2998 re

148 3051 333 3132 plerumque
371 3049 538 3115 laedebant
575 3066 629 3114 eos
673 3048 705 3113 in
743 3055 884 3128 egestate
925 3046 1158 3129 relinquentee3
1202 3065 1274 3112 nam

146 3172 173 3236 si
218 3169 289 3252 quis
326 3187 364 3233 ex
399 3168 584 3251 parentibus
622 3169 791 3234 exheredes
827 3167 942 3233 liberos
982 3165 1129 3248 lecisset,
1173 3183 1275 3247 neque

146 3290 216 3396 ipse
249 3289 319 3356 iure
351 3289 524 3355 inualidum
552 3295 620 3353 erat
650 3292 889 3366 testamentum,
923 3305 1024 3369 neque
1056 3287 1096 3351 ab
1125 3285 1274 3349 intestato

148 3409 239 3475 liberi
273 3409 361 3474 adire
394 3415 540 3490 poterant
575 3408 743 3490 (quomedo
772 3406 854 3473 enim
883 3411 1009 3471 extante
1039 3401 1274 3486 resumeret),

147 3515 253 3608 neque⁴
271 3549 292 3594 a
313 3535 459 3611 praetere
480 3528 633 3594 bonerum
655 3527 881 3609 possessionem
910 3533 1019 3592 contra
1047 3524 1174 3590 tabulae
1197 3525 1276 3606 opti·
1292 3549 1327 3601 20

146 3650 280 3730 nebant;
304 3647 485 3729 praeteritis
507 3648 588 3714 enim
619 3666 680 3713 nen
709 3646 906 3712 exheredatis
933 3644 1041 3711 liberis
1071 3663 1109 3710 ee
1135 3643 1275 3711 concedi·
