3096 4890
707 447 897 510 ..3-

238 632 299 718 ρδν
328 628 487 715 σύνταγμα
511 632 546 695 έκ
566 632 729 720 βασιλικῆς
752 635 861 720 φωνῆς
883 632 1045 718 προοίμιον
1068 631 1206 720 ὑπάρχον
1230 637 1285 720 τῆς
1304 637 1367 697 τῶν

242 733 347 818 νύμων
370 733 572 811 διδασκαλίας
593 735 642 798 καλ
661 735 742 820 μετὰ
764 738 818 823 τῆν
841 735 1013 816 ἀνάγνωσιν
1034 739 1092 820 τῆς
1114 738 1175 797 τῶν
1199 737 1368 816 παλαιῶνί)

242 834 399 911 ἐκθέσεως
421 836 539 924 ἀνάγκη
563 835 646 918 τδνί)
670 837 784 920 νόμους
803 837 1030 922 παιδευόμενον
1053 840 1090 923 τῆ
1112 842 1173 901 τῶν
1196 838 1369 911 διατάξεων

243 937 416 1020 ἀναγνώσει
437 939 549 1002 ἑαυτὸν
572 939 738 1004 ἐπιδοῦναι.
783 941 813 1002 4.
848 938 933 1002 Μετὰ
956 939 1129 1020 ταῦταμὲν
1156 937 1211 1003 οὖν
1233 939 1371 1003 συντίθε·
1388 957 1413 1006 4.

203 1058 225 1112 ¹5
242 1062 292 1104 ται
313 1038 420 1121 βιβλία
443 1044 505 1102 τῶν
527 1040 681 1123 Διγέστων
703 1039 771 1128 ῆτοι
792 1039 989 1118 Ιλανδένιτων,
1013 1041 1046 1104 έν
1068 1041 1114 1117 υίς
1128 1041 1293 1129 ῆθροισται
1307 1045 1370 1104 τῶν

244 1141 383 1229 άργαίων
405 1143 425 1228 ὴ
450 1141 640 1226 νομοθεσία,
671 1143 759 1206 ἅτινα
787 1142 837 1205 διὰ
868 1145 920 1204 τοῦ
950 1142 1044 1205 αύτού
1073 1143 1279 1216 ένδοξοτοίτου
1307 1143 1372 1229 Τρι-

243 1245 410 1327 βυυνιανοῦ
438 1243 486 1307 καί
516 1248 578 1307 τῶν
607 1245 722 1307 λοιπῶν
753 1248 936 1328 περιφανῶν
967 1248 1016 1306 καί
1044 1243 1299 1329 ἐλλογιμωτάτων
1322 1245 1373 1308 άν-

246 1348 332 1433 δρῶν
356 1345 558 1412 συντέθειται.
601 1345 678 1431 μετ’
702 1346 804 1410 ἐκεῖνα
831 1346 868 1410 δὲ
895 1346 929 1408 ἐν
950 1345 1075 1433 τέτρασι
1096 1345 1217 1420 τούτοις
1238 1345 1373 1429 βιβλίοις

248 1454 310 1514 τῶν
332 1449 505 1535 εἰρημένων
527 1448 680 1530 Διγέστων
703 1451 757 1522 τὰς
779 1448 953 1529 είσαγωγὰς
979 1449 1139 1512 ἐκέλευσεν
1162 1450 1179 1512 δ
1206 1448 1374 1534 γαληνύτα-

197 1566 230 1616 10
247 1574 302 1630 τας
329 1553 418 1638 ῆμῶν
446 1550 596 1634 βασιλεὺς
622 1549 857 1636 έπιμερισθῆναι
886 1551 988 1636 πάσης
1024 1556 1148 1637 νομικῆς
1182 1551 1375 1626 παιδεύσεως

246 1652 398 1739 ἐσομένας
421 1658 531 1736 πρῶτα
553 1657 699 1740 στοιχεῖα.
744 1653 774 1718 5.
808 1653 842 1716 έν
865 1653 913 1726 αἷς
944 1653 995 1716 διὰ
1015 1653 1165 1742 βραχέων
1187 1651 1338 1716 ἐκτίθεται
1346 1652 1372 1732 ³)
1390 1656 1415 1705 5.

246 1755 298 1820 καί
318 1756 396 1830 ὅπερ
421 1754 543 1837 ἐκράτει
565 1754 658 1816 πάλαι
680 1755 728 1817 καί
751 1753 819 1836 τδ4)
844 1755 927 1838 μετὰ
948 1759 1048 1818 ταῦτα
1069 1759 1108 1841 τῇ
1128 1753 1301 1842 δσυνηθείᾳ
1323 1777 1374 1817 συ-

249 1855 396 1920 σκιασθὲν
425 1856 459 1919 έκ
488 1860 543 1942 τῆς
569 1855 732 1943 βασιλικῆς
760 1854 936 1935 θεραπείας
965 1857 1138 1944 ἐφωτίσθη.
1189 1859 1218 1919 6.
1258 1855 1375 1930 Ταύτας
1392 1862 1417 1912 6.

250 1957 286 2022 δὲ
309 1957 363 2033 τὰς
385 1957 558 2040 είσαγωγὰς
580 1957 615 2020 ένι
643 1958 766 2022 πάντων
795 1961 858 2020 τῶν
886 1963 951 2032 τοῖς
979 1958 1120 2045 ἀρχαίοις
1149 1958 1374 2042 γεγραμμένων

203 2064 234 2116 15
251 2058 431 2125 Institfitwn
454 2061 503 2122 καί
522 2060 657 2145 μάλιστα
678 2065 739 2124 τῶν
763 2061 990 2146 ὑπομνημάτων
1013 2059 1105 2137 Graiu,
1137 2065 1228 2122 τοῦτο
1249 2059 1307 2143 μὲν
1330 2060 1376 2135 ὡς

250 2153 284 2225 ἐν
305 2160 502 2242 Ῑυείὶίίιλοίε,
526 2166 615 2226 τοῦτο
643 2162 679 2226 δέ
701 2164 750 2226 καί
772 2163 806 2224 ἐκ
834 2165 896 2226 τῶν
919 2162 1057 2225 κωδίκων
1079 2161 1189 2241 αὐτοῦ,
1213 2160 1290 2224 ἔνθα
1312 2161 1379 2224 δια·

250 2267 373 2347 λέγεται
395 2266 464 2351 περί
488 2267 549 2328 τῶν
572 2263 649 2328 καθ’
671 2265 804 2350 ἑκάστην
825 2263 947 2350 ἡμέραν
971 2263 1157 2344 κινουμένων
1174 2264 1377 2348 πραγμάτων,

253 2369 300 2430 καί
322 2367 360 2440 έξ
381 2365 482 2430 ἄλλων
513 2367 634 2430 πολλῶν
664 2368 888 2448 συνταγμάτων
918 2367 947 2428 αί
975 2365 1132 2452 εἰρημένοι
1162 2370 1246 2447 τρεῖς
1273 2367 1379 2448 σοφώ-

253 2494 339 2535 τατοι
362 2469 529 2545 συνθέντες
551 2469 668 2556 ἄνδρες
693 2470 817 2552 βασιλεῖ
841 2472 886 2554 τῷ
913 2470 1043 2554 μεγάλῳ
1066 2470 1276 2554 προσῆγαγυν,
1300 2469 1319 2552 ῆ
1344 2465 1379 2530 δὲ

199 2572 235 2623 2⁰
252 2573 346 2636 αὐτοῦ
370 2573 542 2659 γαληνύτης
563 2573 738 2653 άναγνοῦσα
762 2571 876 2646 ταύτας
898 2571 1033 2652 ἐπέγνω,
1057 2563 1169 2653 ῶςτεῧ)
1194 2569 1307 2631 οἰκείαν
1329 2569 1379 2631 καί

251 2675 468 2760 πληρεστάτην
490 2675 596 2750 αὐταῖς
618 2674 757 2746 διατάξει
770 2674 825 2760 τῆν
842 2673 926 2760 ἷσγδν
943 2673 1212 2760 φιλοτιμῆσασθαι.
1249 2674 1278 2736 7.
1296 2670 1375 2756 Προ-
1395 2688 1420 2741 7.

252 2775 358 2860 τρέπει
379 2775 482 2838 τοίνυν
504 2775 555 2838 διὰ
578 2777 633 2861 τῆς
655 2774 818 2862 παρούσης
840 2775 1015 2850 διατάξεως
1037 2775 1276 2861 ύῆμερῶταιος
1289 2771 1377 2858 ἡμῶν

250 2877 410 2958 βασιλεὺς,
442 2879 522 2960 πρὸς
559 2875 614 2951 υδς
646 2877 760 2964 ταύτην
794 2876 958 2962 έποιῆσατο
983 2877 1035 2961 τῆν
1059 2875 1260 2959 ἀντιγραφὴν,
1296 2864 1379 2949 ω’ςτε

253 2981 349 3066 πολλῆ
372 2983 409 3066 τῆ
432 2979 562 3060 δυνάμει
584 2980 632 3042 καί
654 2978 810 3062 προθύμῳ
827 2975 952 3064 σπουδῇ
967 2977 1038 3051 τοὺς
1054 2976 1211 3060 παρόντας
1227 2975 1378 3048 δέξασθαι

201 3096 235 3148 25
254 3082 367 3166 νόμους
389 3083 438 3144 καλ
460 3081 511 3144 διὰ
530 3084 587 3168 τῆς
609 3081 711 3145 αὐτῶν
735 3083 943 3162 ἀναγνώσεως
962 3080 1065 3157 οὕτως
1079 3082 1212 3154 ἑαυτούς
1228 3078 1377 3150 ἐπιδεῖξα-

253 3183 380 3267 συφοὺς,
404 3174 484 3260 ῶςτε
507 3183 621 3259 αύτούς
644 3184 702 3247 ύπδ
726 3184 885 3270 καλλίστης
902 3181 1080 3268 τρέφεσθαί
1094 3206 1124 3245 τε
1141 3183 1189 3244 καί
1204 3179 1380 3245 θάλπεσθαι

254 3288 308 3370 τῆς
330 3285 463 3364 ἐλπίδος,
487 3286 532 3361 ῶς
554 3288 669 3361 παντὸς
690 3289 745 3348 τοῦ
769 3292 894 3367 νομικυύ
915 3282 1115 3357 διανυθέντυς
1145 3281 1240 3368 ἔργου
1273 3283 1381 3366 διαφύ-

252 3410 321 3470 ρων
344 3389 400 3472 τῆς
421 3387 515 3450 αὐτοῦ
537 3387 692 3463 πολιτείας
714 3386 847 3470 ἄρξουσι
867 3389 988 3470 μερῶν.
997 3387 1023 3468 ⁶)

324 3556 347 3620 ¹)
366 3553 456 3617 νόμων
475 3553 535 3609 αδδ.
554 3554 586 3609 F.
607 3554 638 3609 R.
741 3554 766 3620 θ)
784 3555 848 3615 τοὺς
866 3553 927 3608 αδδ.
946 3554 976 3608 F.
995 3554 1029 3609 R.
1136 3552 1160 3620 ⁸)
1178 3553 1331 3605 ἐκτέθειται
1349 3551 1374 3606 R

254 3637 279 3705 ⁴)
298 3638 313 3690 ὃ
332 3638 434 3694 emend.
452 3638 484 3692 R·
596 3642 619 3706 υ
637 3640 706 3699 τέως
729 3640 779 3695 m.
805 3647 833 3694 et
855 3641 905 3699 m.
941 3641 1002 3692 σεο
1027 3639 1058 3693 υ.
1082 3640 1139 3691 σαι
1163 3638 1197 3693 R.
1299 3638 1323 3706 ν)
1340 3636 1380 3689 οι

255 3721 306 3778 ῙνῙ.
330 3719 401 3793 ἅφθη
419 3724 449 3790 (i.
467 3739 489 3778 ο.
509 3753 540 3766 -
560 3727 599 3792 αι)
615 3724 666 3779 Ιιθ.
700 3722 783 3794 ἄρξαι
800 3725 831 3780 Ρ.
867 3722 961 3795 ἄρξειν
981 3725 1013 3780 F.
1030 3725 1064 3780 R.

721 4000 921 4013 ————..
