3022 4884
597 405 826 468 -140-

147 595 260 656 autem
282 593 385 656 omnia
406 591 551 675 colligere
574 593 647 658 licet
669 592 698 658 ei
724 591 780 676 qui
808 591 875 658 eius
903 592 1132 660 sacratissimas
1162 596 1275 662 consti·

146 710 289 775 tationes
311 712 488 792 perspiciat.
554 709 634 776 illud
656 710 944 777 eutem-sciendum
968 712 1108 790 est-etsi
1131 713 1273 793 plenissi-

148 847 225 895 mae
246 830 309 894 sint
331 828 523 910 donationes,
546 849 630 912 qaae
652 829 741 895 iuxta
762 829 956 913 praedictum
977 830 1105 896 modum
1119 830 1205 911 fiant,
1228 833 1272 898 in-

147 954 265 1030 gratus
290 956 396 1015 autem
425 969 501 1032 erga
530 949 760 1016 benefactorem
790 969 881 1017 sunm
908 951 935 1015 is
964 951 995 1016 in
1026 969 1118 1034 quem
1147 952 1273 1019 donatio

148 1068 277 1134 conlata
306 1069 348 1133 sit
375 1070 539 1150 probetur,
569 1069 824 1136 constitutionem
853 1069 1002 1152 principis
1032 1072 1132 1135 nostri
1159 1070 1272 1153 permi-
1308 1070 1324 1122 ⁵

147 1188 231 1254 sisse
253 1188 347 1254 certis
370 1208 408 1254 er
429 1191 551 1270 causis,
582 1209 664 1273 quae
685 1191 941 1273 ingratitudinem
964 1189 1193 1271 praeseferant,
1219 1210 1274 1256 eas

147 1326 302 1374 reuocare
323 1308 376 1382 ita,
399 1315 435 1374 nt
457 1327 547 1374 nemo
570 1310 624 1392 qui
653 1308 795 1376 beneficii
817 1328 912 1376 cause
938 1327 990 1376 ree
1018 1327 1091 1375 suas
1118 1311 1151 1374 in
1178 1310 1273 1376 abum

147 1428 327 1502 contulerit,
349 1427 495 1494 iniuriam
516 1430 559 1494 eti
573 1435 714 1495 acturam
737 1429 776 1494 ab
798 1428 848 1494 bis
870 1429 1019 1510 patiatur,
1042 1428 1156 1509 quibus
1179 1428 1274 1494 dona·

145 1548 244 1614 uerit
289 1549 396 1615 modos
418 1553 524 1614 autem
547 1548 781 1630 ingratitudinis
804 1555 836 1614 et
861 1548 1015 1627 actiones,
1037 1566 1094 1631 per
1116 1565 1195 1631 quas
1218 1550 1272 1615 do

146 1666 294 1732 nationes
320 1669 553 1747 rescindantur,
576 1686 668 1733 nosse
688 1666 762 1733 licet
784 1669 812 1732 ei
835 1669 889 1750 qni
910 1667 1163 1734 constitutionem
1186 1681 1322 1750 prae-10

91 1819 124 1871 3.
144 1787 266 1851 dictam
285 1786 378 1869 legat.
434 1787 463 1852 3.
503 1788 563 1852 Est
584 1795 616 1853 et
638 1786 723 1853 aliud
745 1807 844 1870 genus
866 1788 949 1854 inter
971 1787 1061 1853 uiuos
1084 1787 1270 1869 donationis,

145 1906 235 1987 quod
256 1904 462 1988 prudentibus
486 1906 612 1990 quidem
634 1906 776 1989 ignotum
798 1913 880 1985 erat,
903 1907 1141 1974 constitutiones
1164 1914 1270 1974 autem

145 2023 324 2106 principum
361 2025 570 2105 prudentibus
613 2027 801 2092 recentiores
839 2025 1090 2092 introduxerunt.
1155 2026 1271 2093 dicitur

145 2148 256 2208 autern
278 2148 351 2209 ante
373 2145 498 2226 nuptias
521 2144 657 2211 donatio.
704 2164 772 2211 eam
796 2163 929 2226 sponsus
958 2145 991 2210 in
1023 2163 1169 2227 sponsam
1199 2165 1271 2212 oon·

144 2262 221 2340 fert,
244 2263 372 2329 tacitam
394 2265 427 2328 in
454 2282 489 2328 se
517 2265 729 2331 condicionem
758 2265 940 2343 habentem,
970 2270 1006 2329 ut
1032 2271 1099 2331 tum
1128 2271 1199 2329 rata
1229 2269 1272 2329 sit
1289 2272 1321 2323 15

145 2401 219 2449 oum
247 2383 476 2449 matrimonium
507 2392 668 2465 sequatur.
720 2384 852 2465 ideoque
880 2382 1036 2466 appellata
1065 2391 1113 2448 est
1142 2381 1270 2447 donatio

145 2507 223 2566 ante
245 2504 380 2584 nuptias,
402 2503 478 2584 quia
500 2509 574 2569 ante
598 2505 830 2570 matrimonium
852 2504 1043 2570 celebratum
1064 2501 1169 2581 fieret,
1193 2522 1270 2568 nun·

145 2638 244 2701 quam
264 2640 340 2687 uero
362 2629 434 2703 post
462 2624 598 2705 nuptiae.
647 2625 773 2703 penitus
802 2623 884 2689 enim
912 2623 1012 2689 omnis
1044 2620 1171 2688 donatio
1199 2640 1271 2688 con·

145 2746 253 2807 stante
275 2741 473 2807 matrimonio
495 2742 577 2806 inter
599 2743 704 2806 uirum
728 2748 760 2807 et
781 2760 909 2807 uxorem
931 2743 1032 2808 uetita
1047 2749 1104 2808 est.
1134 2745 1184 2808 set
1204 2741 1270 2808 lata

145 2867 198 2926 est
219 2863 402 2928 constitutio
425 2862 518 2928 diuae
533 2865 700 2928 memoriae
715 2861 837 2941 Iustini,
859 2879 922 2943 qua
936 2862 1137 2944 permittitur,
1161 2860 1269 2945 (sicuti
1286 2870 1320 2923 ao

144 3001 166 3047 a
190 2982 349 3048 ueteribus
372 2981 578 3064 prudentibus
601 3000 782 3047 concessum
805 2987 875 3046 erat
888 2988 1049 3047 constante
1071 2982 1267 3047 matrimonio

145 3103 252 3165 dotem
274 3120 400 3184 augere,
423 3099 522 3167 ueluti
544 3103 570 3166 si
593 3101 648 3167 dos
671 3100 745 3165 data
766 3100 863 3166 fuerit
876 3118 1043 3167 aureorum
1059 3106 1192 3180 centum,
1215 3117 1266 3182 po-

146 3228 231 3286 terat
259 3229 290 3286 et
318 3227 391 3300 post
420 3218 593 3288 celebratas
624 3221 751 3300 nuptias
779 3240 857 3286 uxor
884 3211 1009 3287 adicere
1038 3225 1186 3302 quantam
1213 3237 1268 3283 uo·

143 3341 256 3406 luisset
281 3341 446 3422 pecuniam
474 3347 506 3406 et
534 3341 638 3407 dotem
665 3359 798 3422 augere,
832 3347 865 3406 et
892 3359 982 3406 nemo
1009 3340 1041 3404 id
1071 3340 1268 3405 donationem

143 3460 304 3542 uocabat),
326 3461 371 3525 ita
393 3467 426 3526 et
446 3467 521 3525 ante
542 3460 667 3540 nuptias
689 3460 886 3525 donationem
904 3458 972 3524 uiro
988 3477 1113 3538 augere,
1136 3475 1268 3541 cumque
1285 3463 1318 3516 25

144 3598 209 3645 une
231 3598 304 3661 pars
327 3597 444 3660 augere
466 3585 584 3660 posset,
608 3581 640 3643 et
661 3577 754 3643 alteri
775 3579 807 3643 id
829 3577 964 3662 faciendi
991 3577 1103 3643 tribuit
1130 3582 1266 3659 potesta·

144 3707 217 3766 tem.
261 3706 310 3766 set
332 3718 403 3763 cum
426 3700 502 3764 baec
525 3699 707 3764 constitutio
730 3695 952 3780 disposuisset,
975 3696 1197 3763 inconuoniens
1220 3714 1266 3761 re-

143 3819 292 3885 manebat
313 3837 424 3884 nomen
451 3818 639 3884 »donatio
661 3825 756 3882 ante
778 3815 974 3898 nuptiasc.
999 3816 1162 3882 dicebatur
1185 3817 1266 3881 enim

143 3944 235 4004 ante
258 3939 425 4019 nuptias
448 3944 480 4002 et
502 3955 583 4017 quae
606 3939 692 4016 post
713 3934 877 4015 nuptias
907 3933 1013 4009 fieret3
1040 3941 1072 4000 et
1099 3934 1170 4002 ideo
1193 3936 1268 4015 piis·

143 4059 241 4124 simus
271 4059 415 4140 princeps
442 4065 549 4123 noster
576 4060 661 4140 leges
691 4057 869 4139 plenissimo
898 4055 951 4121 fini
981 4058 1105 4122 tradere
1134 4057 1263 4136 cupiens
1280 4067 1315 4118 so
