3038 4884
699 402 912 466 -29-

248 589 301 651 τοῦ
330 585 485 652 δύνασθαι
515 589 549 650 τδ
578 589 681 651 ίκανδν
711 590 837 674 ποιήσαι
866 592 930 663 τοῖς
957 587 1155 654 oreditorsin.
1213 589 1373 676 ἐκράτησε

247 690 284 754 δὲ
306 692 340 754 τδ
360 691 405 777 μή
429 690 529 780 μόνον
557 693 680 755 σκοπεῖν
711 690 740 754 εἰ
765 689 885 773 ἄπορός
912 690 993 755 ἐστιν
1020 693 1038 753 ό
1066 686 1265 775 ἐλευθερῶν,
1295 691 1375 756 ἀλλὰ

248 795 297 858 καί
319 793 348 856 εἷ
369 795 448 880 πρὸς
474 794 671 880 περιγραφήν
700 799 762 858 τῶν
793 793 945 876 οἷκείωνῙ)
975 793 1150 857 δανειστῶν
1180 793 1291 858 δίδωσι
1318 795 1375 880 τήν

247 894 471 982 ἐλευθερίανδ)
493 896 562 959 τότε
585 895 645 981 γὰρ
667 895 717 958 καί
738 896 758 980 ή
782 895 868 970 δόσις
896 893 1041 985 ε’πίχεται
1069 898 1125 980 τῆς
1146 894 1373 981 ἐλευθερίαςβ)

213 987 330 1072 διθςτε
352 997 546 1084 θεωρεῖσθαι
566 1000 615 1062 καί
638 995 790 1063 consilion
814 1000 862 1061 καὶ
889 997 1027 1062 (mentm
1036 997 1072 1081 ³).
1126 987 1209 1074 ῶςτε
1238 995 1293 1061 οὖν
1316 997 1375 1084 ἀμ·

248 1100 394 1187 φοτέρων
414 1102 472 1186 μὲν
495 1101 744 1189 συντρεχόντων,
772 1102 789 1162 ό
817 1100 936 1186 οἰκέτης
965 1099 1020 1164 οὐκ
1041 1099 1280 1183 ἐλευθεροῦται·
1303 1101 1375 1175 ἑνὸς

248 1203 285 1266 δὲ
306 1201 515 1287 έλλείῲαντος,
545 1202 698 1276 όδοῦλος
725 1196 896 1284 ἐλεύθερος
927 1201 1130 1267 ἀποτελεῖται.
1175 1201 1243 1266 ε’στὶ
1265 1201 1302 1264 δὲ
1324 1200 1373 1264 εδ-

244 1309 313 1394 ρείν
336 1306 504 1392 ἀμφότερα
528 1306 562 1369 τό
586 1327 619 1369 τε
641 1303 795 1369 consssion
817 1305 866 1366 καὶ
887 1305 957 1387 τδέ)
988 1304 1123 1369 &nenton
1154 1303 1206 1368 ἐπὶ
1234 1302 1374 1388 θέματος

247 1410 398 1475 τοιούτου.
461 1406 607 1494 ἐκέκτητο
648 1430 692 1483 τις
732 1405 919 1490 τριακοσίων
954 1407 1007 1468 νν0
1052 1406 1248 1489 περιουσίαν·
1280 1404 1374 1481 οὗτος

199 1497 231 1572 λθ
248 1508 420 1600 ἐχρεώστει
443 1509 661 1595 τετρακόσιαῦ)
685 1510 748 1571 ννο.
791 1506 957 1594 ήβουλήθη
981 1511 1060 1593 πρὸς
1088 1509 1283 1607 περιγραφήν
1308 1508 1371 1572 τῶν

248 1614 367 1680 οἰκείων
392 1613 560 1676 δανειστῶν
583 1610 803 1695 ἐλευθερῶσαι
826 1609 945 1686 οἰκέτας
967 1609 1075 1684 ἀξίους
1093 1636 1116 1696 ρ
1134 1611 1185 1673 νν0
1200 1611 1248 1672 καί
1271 1609 1373 1693 τούτῳ

249 1719 296 1803 τῷ
318 1715 426 1799 τρόπῳ
448 1714 573 1796 ἐγένετο
597 1713 693 1780 ου’τοῦ
717 1712 737 1798 ή
760 1713 920 1795 περιουσία
943 1701 1053 1801 vv⁰J
1105 1709 1239 1777 ἐνταῦθ’
1270 1710 1376 1797 ἀμφό·

249 1821 328 1904 τερά
349 1815 418 1882 ἐστι
441 1819 489 1880 καί
512 1816 664 1882 eonsilion
693 1819 740 1879 καὶ
771 1815 917 1880 §nenton
963 1817 1011 1877 καί
1033 1815 1093 1898 γὰρ
1117 1821 1242 1899 πονηρᾷ
1261 1815 1372 1899 γνώμη

250 1922 341 1986 τοῦτο
366 1921 513 2007 πεποίηκε
535 1921 583 1983 καί
605 1916 625 2006 ή
645 1918 803 2000 ἀπόβασις
829 1917 934 2004 ζημιοῖ
951 1917 1024 1990 τοὺς
1046 1915 1233 1981 creditoraS.
1279 1913 1376 1980 ἐλλεί-

200 2028 232 2079 15
250 2045 299 2085 πει
322 2022 358 2085 δὲ
381 2025 414 2086 τὸ
438 2021 607 2104 όυθυλουθ)
631 2021 742 2096 οὕτως.
793 2019 873 2108 ἔχων
896 2044 939 2095 τις
965 2007 1067 2106 ηἷνν0
1094 2019 1272 2102 περιουσίαν
1302 2019 1370 2082 ε’νό-

247 2123 336 2207 μιζεν
358 2122 436 2212 ἔχειν
445 2111 723 2206 7)ἷνομισμάτων
746 2123 914 2188 ὑπόστασιν
922 2122 958 2204 ⁸).
991 2118 1164 2208 ἑχρεώστει
1180 2107 1263 2184 δὲῖ
1289 2119 1375 2208 ήλευ-

249 2224 375 2309 θέμωσε
399 2227 471 2302 τοὺς
491 2227 587 2302 ἰδίους
608 2225 728 2299 οἰκέτας
748 2226 782 2290 in
804 2225 951 2312 fraudem
973 2222 1169 2288 creditorum
1194 2220 1305 2300 ἀξίους
1326 2223 1374 2284 όν-

250 2315 353 2412 ταςῖιῖ
372 2351 403 2390 νν
412 2330 433 2392 ⁰.
456 2324 596 2392 ἐνταῦθα
620 2330 652 2390 τό
673 2328 731 2409 μὲν
753 2326 907 2391 consilion
929 2328 1084 2390 κάκιστον·
1104 2321 1155 2389 ἐπὶ
1175 2325 1285 2412 βλάβη
1308 2329 1370 2408 γὰρ

249 2430 410 2517 γεγένηται
432 2433 494 2493 τῶν
517 2430 697 2508 δανειστῶν,
721 2425 741 2515 ή
763 2429 799 2494 δὲ
822 2429 980 2513 ἀπόβασίς
1009 2425 1093 2494 ἐστιν
1109 2427 1213 2502 αὐτοῖς
1228 2424 1374 2514 ἀζήμιος·

198 2553 232 2606 20
250 2533 297 2595 καί
325 2534 385 2616 γὰρ
413 2532 496 2615 καθ’)
522 2534 602 2615 μετὰ
633 2532 685 2618 τήν
713 2531 874 2618 ἐξαίρεσιν
904 2536 960 2618 τῆς
990 2535 1052 2595 τῶν
1087 2527 1375 2614 ἐλευθερωθέντων

249 2636 377 2699 οἰκετῶν
400 2634 607 2721 διατιμήσεως
628 2629 870 2718 ὑπολιμπάνεται
892 2632 1054 2719 περιουσία
1077 2633 1162 2718 ίκανή
1179 2633 1252 2708 τοδς
1274 2632 1376 2694 δανει-

250 2735 326 2810 στὰς
348 2733 615 2822 ἀποπληρῶσαιδ)
646 2735 777 2800 ἐλλείπει
800 2736 835 2799 δὲ
857 2734 1010 2802 consilion
1032 2737 1077 2809 ὡς
1103 2733 1154 2798 ε’πὶ
1174 2735 1286 2797 τούτου
1316 2735 1375 2798 τοῦ

250 2837 398 2923 θέματος.
443 2837 505 2927 εἶχέ
527 2863 572 2915 τις
588 2826 623 2926 μ’
640 2839 692 2902 ννο
723 2836 891 2904 ὑπόστασιν
899 2839 955 2920 ¹⁰),
985 2834 1156 2926 ε’χρειόοτει
1179 2824 1221 2901 υ..-
1255 2834 1373 2921 συνέβη

250 2942 359 3006 τοῦτον
382 2939 652 3021 ἀπολιμπάνεσθαι
675 2945 732 3026 τῆς
754 2940 866 3014 οἰκείας
888 2939 1046 3024 πατρίδος.
1080 2937 1114 3002 ἔκ
1137 2959 1215 3011 τινος
1239 2941 1375 3024 τυχηρᾶς

197 3060 231 3111 25
251 3043 468 3125 περιστάσεως
490 3038 677 3129 ἀπεμειώθη
700 3043 797 3106 αὐτοῦ
826 3039 845 3128 ή
868 3042 1047 3125 περιουσία,
1075 3043 1168 3129 τυχδν
1197 3042 1291 3114 αι’κίας
1320 3035 1374 3124 έμ-

249 3142 443 3230 πρεσθείσης
465 3141 484 3228 ἢ
507 3143 756 3229 καταπεσούσης,
778 3145 860 3220 ὥςτε
883 3147 1061 3230 περιστῆναι
1084 3143 1178 3228 αὐτὴν
1201 3143 1247 3218 εἷς
1270 3128 1371 3205 τ-ννθ.

247 3247 344 3334 μήπω
367 3245 459 3328 γνοὺς
479 3245 535 3330 τήν
558 3245 725 3309 ἐλάττωσιν
747 3251 803 3332 τῆς
818 3245 897 3321 ἰδίας
912 3246 1118 3320 ὑποστάσεως
1140 3245 1261 3322 οἰκέτας
1284 3245 1368 3322 τινὰς

250 3349 357 3424 ἀξίους
378 3347 470 3422 ὄντας
487 3335 591 3431 ρννθ,
615 3347 661 3422 οἷς
678 3349 810 3434 χάριτας
832 3347 985 3432 ὡμολόγει
1008 3348 1059 3411 διὰ
1083 3350 1136 3435 τήν
1153 3348 1255 3411 αὐτῶν
1263 3350 1301 3432 ¹¹)
1319 3347 1370 3412 εὔ·

251 3467 346 3526 νοιαν,
367 3449 600 3536 ήλευθέρωσεν.
635 3449 683 3512 ἐπὶ
706 3449 814 3513 τούτου
837 3453 894 3515 τοῦ
921 3449 1059 3532 θέματος
1082 3451 1205 3537 πονηρὰ
1232 3451 1293 3532 μὲν
1316 3448 1373 3514 οὔκ

198 3561 233 3614 80
251 3553 316 3615 ἐστι
346 3551 499 3629 διάθεσις,
528 3553 546 3638 ή
578 3551 614 3614 δὲ
643 3550 800 3633 ἀπόβασις
828 3550 960 3631 βλάπτει
989 3551 1061 3624 τοδς
1092 3551 1266 3627 δανειστάς.
1317 3551 1373 3614 οὐκ

321 3755 387 3822 1)(1.
407 3754 440 3808 R.
458 3753 491 3807 R.
603 3753 691 3820 ²)‹3rs
709 3753 859 3822 θεωρεῖται
877 3752 908 3807 P.
927 3753 958 3807 F.
977 3754 1010 3808 R.
1130 3755 1154 3822 3)
1172 3753 1311 3808 consilium
1329 3755 1373 3806 καὶ

251 3845 397 3896 euentus
414 3839 447 3893 R
601 3841 625 3906 ⁴)
644 3837 669 3891 d.
688 3838 720 3892 R.
743 3844 878 3892 euentum.
1033 3842 1056 3908 ⁵)
1074 3840 1219 3908 τριακόσια
1241 3839 1270 3894 P.
1289 3838 1320 3892 F.
1338 3839 1371 3893 R.

250 3927 274 3993 6)
292 3931 405 3980 euentus
422 3939 497 3979 more
515 3923 635 3979 sollemni
654 3923 685 3977 R.
703 3923 830 3976 τουτέστι
848 3923 878 3976 τὸ
898 3923 1071 3988 ἀποτέλεσμα
1089 3925 1151 3979 add.
1170 3924 1219 3978 11⁹.
1306 3924 1328 3992 7)
1347 3923 1373 3980 d.

250 4011 282 4065 G.
391 4011 415 4076 ⁸)
433 4009 459 4064 d.
479 4009 512 4063 R.
632 4010 655 4077 ⁹)
674 4009 700 4064 d.
718 4009 750 4063 R.
871 4011 907 4076 ¹⁰)
925 4013 1083 4081 περιουσίαν
1102 4012 1135 4066 R.
1256 4011 1290 4077 1¹)
1308 4011 1374 4080 περὶ

250 4096 343 4149 αὐτῶν
362 4096 393 4150 F.
412 4094 476 4164 περὶ
493 4093 578 4146 αὐτοῦ
595 4094 629 4148 R.

319 4183 346 4247 a)
364 4179 404 4235 cf.
422 4178 556 4234 Iulianum
573 4179 635 4248 Dig.
653 4182 697 4247 42,
714 4182 740 4244 8,
761 4182 800 4234 15.
903 4180 931 4248 b)
950 4179 989 4234 ef.
1006 4180 1066 4234 Gai.
1083 4180 1146 4248 Dig.
1165 4184 1207 4250 40,
1225 4185 1250 4248 9,
1271 4181 1310 4234 10.
