3058 4890
591 413 823 479 *249-

255 698 326 786 De.
342 700 475 783 singulis
504 703 598 768 rebus
628 720 685 785 per
713 701 983 768 fideicommissum
1013 702 1143 774 relictis.

605 828 729 894 Titulus
751 829 802 892 24.

182 1039 184 1044 ·
216 1013 295 1080 Non
314 1013 417 1080 solum
433 1035 489 1096 per
504 1016 741 1082 uniuersitatem
757 1014 1008 1094 fideicommissa,
1033 1019 1078 1081 uti
1100 1016 1163 1084 iam
1179 1015 1269 1082 nobis

121 1134 337 1214 propositum
361 1143 418 1213 est,
434 1135 610 1215 relinquere
626 1153 801 1216 possumus,
818 1142 868 1200 set
883 1136 975 1200 etiarn
991 1135 1146 1216 specialia,
1171 1137 1268 1202 ueluti

122 1253 268 1317 fundum
296 1254 454 1318 hominem
477 1262 597 1319 uestem
620 1259 784 1334 argentum
814 1257 976 1336 pecuniam
1000 1262 1212 1334 numeratam,
1237 1266 1268 1322 et

122 1372 180 1438 uel
204 1373 318 1455 ipsum
341 1374 487 1439 heredem
510 1392 623 1455 rogare
646 1381 682 1439 ut
704 1374 756 1440 alii
778 1375 811 1439 id
828 1377 983 1454 restituat,
1005 1377 1056 1442 uel
1072 1375 1267 1459 legatarium,

83 1508 106 1556 ι.
127 1495 288 1574 quamuis
312 1513 332 1558 a
354 1493 506 1573 legatario
529 1493 626 1576 legari
649 1513 709 1558 non
733 1496 839 1574 pessit.
873 1497 900 1557 1.
924 1494 1138 1576 Relinquimus
1162 1506 1266 1562 autem
1303 1542 1320 1594 5

126 1633 189 1694 per
212 1611 494 1679 fideicommissum
518 1631 578 1678 non
603 1612 701 1678 solum
726 1633 776 1678 res
799 1621 931 1692 nostras,
954 1619 1003 1679 set
1030 1616 1123 1681 etiam
1146 1615 1269 1682 heredis
1309 1606 1313 1618 ’

128 1741 189 1798 aut
205 1732 360 1815 legatarii
375 1741 430 1797 aut
445 1731 733 1798 fideicommissarii.
758 1751 851 1813 porro
867 1751 928 1798 non
950 1733 1051 1799 solum
1074 1753 1186 1815 regare
1200 1737 1269 1816 quis

130 1859 246 1932 potest
257 1854 414 1933 quendam
427 1861 462 1918 ut
474 1871 539 1916 rem
551 1853 603 1917 alii
619 1853 777 1930 restituat,
790 1872 870 1936 quae
885 1854 913 1918 ei
929 1853 1038 1919 relicte
1050 1852 1101 1932 sit,
1115 1861 1163 1918 set
1174 1853 1268 1919 etiam

131 1972 246 2052 aliam,
271 1973 340 2037 siue
363 1973 462 2053 ipsius
485 1974 552 2038 siue
575 1973 717 2038 alienam.
741 1992 812 2037 nam
835 1974 861 2037 si
885 1973 1014 2038 lundum
1031 1974 1088 2039 tibi
1105 1974 1268 2056 reliquero,

132 2109 270 2170 possum
296 2099 327 2155 te
350 2110 470 2174 rogare,
493 2099 529 2156 ut
551 2091 651 2174 ipsum
674 2091 803 2158 fundum
827 2098 882 2156 aut
905 2093 998 2158 aedes
1022 2109 1077 2173 pro
1094 2092 1189 2160 lundn
1213 2091 1268 2159 alii
1286 2122 1319 2178 01

133 2212 206 2289 dea,
233 2230 294 2276 nec
317 2212 412 2276 refert
434 2219 539 2277 utrum
562 2218 635 2277 tuae
659 2231 697 2276 an
721 2211 840 2304 alienae
862 2211 956 2276 aedes
979 2213 1051 2275 sint.
1079 2209 1137 2278 hoc¹
1159 2232 1269 2278 nerum

136 2333 376 2399 obseruandum
405 2338 468 2404 est,
497 2353 536 2399 ne
566 2335 730 2416 quisquam
759 2333 829 2416 plns
860 2332 912 2396 alii
941 2337 1102 2414 praestare
1131 2339 1269 2414 rogetur,

138 2452 328 2534 qnamipse
356 2454 489 2534 ceperit3
520 2471 590 2516 nam
621 2452 703 2530 quod
730 2449 864 2532 amplius
893 2457 941 2515 est
971 2451 1001 2514 in
1033 2448 1269 2516 fideicommisso

142 2571 258 2637 inutile
281 2580 338 2637 est.
384 2578 419 2637 ut
441 2590 512 2638 ecce
535 2571 646 2653 reliqui
675 2570 732 2636 tibi
762 2587 873 2636 aureos
898 2569 947 2648 0.,
977 2569 1106 2633 oneraui
1130 2575 1162 2634 te
1185 2568 1292 2636 fidei-=

141 2692 310 2758 commissu
334 2711 500 2758 aureorum
524 2691 588 2770 CX,
612 2693 695 2774 quod
718 2693 757 2756 ad
782 2691 829 2771 id,
858 2691 941 2773 quod
969 2695 1128 2772 superest,
1160 2687 1270 2754 inutile
1289 2723 1321 2774 15

141 2820 191 2877 est
215 2811 499 2878 fideicommissum.
544 2830 614 2877 cnm
637 2811 741 2876 autem
764 2813 866 2876 aliena
889 2830 939 2876 res
969 2829 1026 2892 per
1055 2795 1269 2874 fideicommis-

142 2949 215 2996 sum
239 2929 436 3016 relinquitur,
459 2949 585 2996 necesse
608 2940 656 2996 est
679 2931 716 3010 ei,
740 2932 793 3010 qui
810 2910 938 3013 regatus
954 2938 1011 3016 est,
1035 2931 1164 3014 eandem
1180 2947 1269 3024 prae

143 3059 248 3116 stare:
272 3059 327 3116 aut
350 3049 431 3117 enim
455 3069 523 3120 eam
546 3051 672 3116 redimit
695 3058 727 3116 et
750 3023 1035 3118 fideicommissario
1062 3027 1175 3127 tradit,
1204 3021 1268 3138 aut,
1316 3115 1321 3130 ,

100 3205 125 3256 2.
145 3189 217 3236 cum
245 3178 395 3250 nequeat,
426 3171 673 3234 aestimationem
702 3175 851 3252 praestat.
895 3152 933 3240 2.
968 3169 1037 3264 Non
1067 3169 1166 3260 solum
1193 3185 1269 3232 uero
1301 3145 1319 3155 ’ἡ

145 3291 298 3354 eiusmodi
327 3287 582 3368 fideicommissa,
618 3307 699 3369 quae
726 3291 859 3368 pecunia
888 3288 1108 3365 aestimantur,
1138 3286 1321 3368 relinquiae

146 3415 287 3490 possunt,
311 3417 360 3472 set
382 3409 474 3474 etiam
498 3409 703 3488 libertasper
724 3407 997 3474 fideicommissum
1012 3415 1013 3420 ’
1026 3409 1114 3472 dare·
1129 3405 1270 3474 concedis
