3078 4882
690 425 728 436 -
766 379 834 454 τοι
879 426 922 436 -

244 574 404 658 ρονομίας,
428 572 516 660 αὐτῷ
538 575 771 662 φυλαχθηοεται
791 576 841 640 καί
863 576 919 640 οόκ
927 576 952 658 1)
975 574 1220 666 ένοχληθῆσεται
1235 575 1295 638 όπό
1311 579 1374 638 τῶν

248 675 447 757 meditem,
471 676 501 741 εί
522 679 573 742 καί
594 679 632 742 τὰ
651 680 785 762 μάλιστα
806 682 826 768 ἡ
857 683 911 744 τοῦ
941 679 1183 767 τελευτησαντος
1212 676 1375 764 περιουσία

248 776 303 841 οὐκ
336 776 505 866 ἐξήρκεσεν
539 780 766 867 ἀποπληρῶσαι
794 782 831 844 τὰ
862 780 1094 867 έποφληθέντα,
1128 782 1177 844 καί
1205 778 1292 844 οὖτοι
1316 779 1376 861 μέν

250 878 310 944 εἰσι
333 880 535 946 υοοειεέιτίοἰ.
580 884 609 946 2.
644 883 758 949 eseoi
780 883 818 948 δὲ
845 883 1037 949 υοοοεοότίοί
1065 883 1147 958 τίνες
1177 881 1236 947 εἰσὶ
1263 885 1377 968 σκοπή-
1386 901 1412 950 2.

214 981 401 1066 5ουμεν.’)
445 982 516 1048 είιοί
547 983 737 1051 υθοθεεότὶοί
764 986 854 1067 εἰσιν,
891 986 956 1050 οἷον
985 988 1049 1063 υἰδς
1076 984 1219 1072 θυγάτηρ
1249 985 1379 1068 ἔκγονος

250 1084 361 1171 έκγόνη
384 1087 413 1147 οἰ
435 1085 496 1149 ιίπδ
520 1090 573 1150 τοῦ
597 1088 663 1152 υίοό
684 1091 734 1152 καί
756 1087 874 1174 ἑφεξῆς
895 1090 1009 1164 πάντες
1029 1087 1146 1169 παῖδες,
1170 1087 1278 1162 οἵτινές
1301 1087 1379 1152 εἰσιν

250 1185 283 1250 in
304 1192 466 1270 potestate
488 1191 521 1253 έν
546 1189 591 1277 τῷ
613 1194 713 1276 καιρῷ
741 1195 795 1276 τῆς
821 1193 978 1278 τελευτῆς.
1023 1190 1092 1253 ἀλλ’
1123 1191 1140 1252 ό
1161 1190 1218 1275 μὲν
1243 1191 1308 1267 υίὸς
1329 1193 1379 1255 καί

250 1291 270 1374 ἡ
294 1291 437 1378 θυγάτηρ
461 1292 563 1381 έχουσι
586 1293 661 1378 παρ’
685 1294 808 1368 ἑαυτοῖς
831 1293 955 1369 πάντας
976 1295 1011 1357 τὸ
1035 1293 1130 1371 eston,
1154 1293 1171 1355 ό
1194 1291 1231 1354 δὲ
1253 1290 1380 1373 ἔκγονος

250 1394 341 1479 καίῆ
369 1393 478 1480 ἑκγόνη
506 1395 542 1460 οὐ
569 1395 665 1479 μόνον
693 1395 747 1459 ἐὰν
774 1395 850 1460 ὦσιν
878 1395 1053 1468 όπεξοόσιοι
1081 1398 1137 1460 τοῦ
1168 1396 1294 1458 πάππου
1322 1397 1379 1458 τοῦ

203 1504 235 1555 10
252 1495 493 1579 τελευτήσαντος
515 1495 620 1585 ἔχουσι
642 1499 676 1560 τό
703 1501 760 1561 τοῦ
789 1497 848 1562 sfiu
878 1497 1010 1576 δίκαιον,
1038 1497 1115 1560 ἀλλὰ
1134 1498 1204 1585 χρη
1232 1497 1380 1578 αὐτοδςί)

253 1597 332 1681 πρὸς
352 1599 388 1660 τό
411 1595 586 1683 κτήσασθαι
607 1601 643 1661 τδ
665 1599 743 1664 εδου
766 1601 817 1662 καί
839 1597 1015 1664 πεπαῦσθαι
1043 1601 1096 1662 τόν
1118 1599 1221 1662 αὐτῶν
1245 1599 1377 1684 πατέρα,

253 1696 291 1771 ἐξ
311 1697 348 1761 οό
371 1693 549 1782 γεγόνασιν,
572 1702 754 1774 όπεξούοιον
785 1701 861 1765 εἰναι
888 1704 935 1787 τῷ
964 1702 1067 1786 οἰκείῳ
1097 1701 1223 1787 πατρί4)
1254 1702 1382 1786 τελευτῇ

255 1802 344 1889 τυχὸν
366 1800 386 1886 ἢ
409 1801 655 1885 θωαυοίραίίουὶ
683 1803 827 1890 ἢὲτέρῳ
855 1803 1031 1891 οίῳδὴποτε
1059 1805 1166 1890 τρόπῳ
1195 1803 1383 1890 ἐξεληλυθό-

254 1924 307 1979 τος
329 1904 424 1967 αὐτοῦ
447 1910 503 1992 τῆς
527 1905 792 1994 ὑπεξουσιότητος.
842 1907 914 1970 τότε
943 1908 1003 1990 γὰρ
1033 1907 1051 1969 ό
1079 1906 1205 1988 ἔκγονος
1234 1906 1254 1994 ἢ
1284 1909 1305 1992 η
1335 1906 1383 1970 ἐκ·

205 2012 236 2063 15
254 2006 329 2093 γόνη
351 2008 396 2083 εἰς
417 2009 471 2095 τὴν
493 2012 547 2073 τοῦ
570 2009 682 2074 οἰκείου
706 2011 824 2095 πατρὸς
850 2009 988 2074 ἐπάνεισι
1011 2012 1104 2085 τάξιν.
1156 2011 1205 2074 καί
1233 2009 1305 2075 εἰιοί
1324 2009 1382 2092 μὲν

262 2108 313 2173 διὰ
336 2108 458 2192 τοῦτοί)
483 2112 783 2197 προσαγορεύονται,
806 2113 913 2198 ἐπειδὴ
936 2114 1079 2178 οἰκειακοί
1099 2112 1284 2199 κληρονόμοι
1313 2113 1383 2183 εἰσί,

257 2211 395 2274 τουτέστι
418 2214 466 2274 καί
489 2213 606 2288 ζῶντος
627 2212 683 2277 τοῦ
706 2217 824 2300 πατρὸς
839 2216 962 2298 τρόπον
986 2217 1051 2279 τινὰ
1072 2215 1223 2280 δεσπόται
1246 2213 1384 2298 νομίζον-

255 2337 319 2393 ται,
348 2311 423 2378 όθεν
447 2316 534 2378 καίό
564 2315 799 2393 δωδεκάδελτος
827 2320 956 2404 πρώτην
987 2317 1091 2390 αὐτοῖς
1120 2316 1242 2380 δέδωκε
1269 2317 1384 2400 κλῆσιν,

256 2419 376 2481 τάττων
398 2417 437 2480 τὰ
467 2417 506 2490 ἐξ
533 2417 710 2484 ἀδιαθέτου.
760 2421 810 2482 καί
836 2419 906 2484 εἰιοί
934 2420 993 2502 μὲν
1028 2418 1213 2507 κληρονόμοι
1245 2418 1297 2481 διὰ
1330 2416 1386 2492 τὰς

205 2519 239 2570 2⁰
259 2519 425 2605 εἰρημένας
447 2519 545 2594 αἰτίας
566 2519 714 2603 λέγονται.
758 2520 951 2586 αοοθεεότίοἰ
973 2521 1009 2585 δὲ
1032 2520 1138 2608 ἐπειδὴ
1166 2522 1255 2584 παντί
1276 2521 1385 2604 τρόπῳ

259 2623 306 2685 καί
335 2621 517 2705 θέλοντεςθ)
549 2624 597 2684 καί
622 2624 666 2707 μὴ
698 2624 886 2706 βουλόμενοι
918 2622 953 2686 έι
984 2622 1137 2710 διαθήκης
1169 2623 1234 2707 ἅμα
1266 2624 1317 2685 καί
1350 2621 1389 2693 ἐξ

261 2721 429 2786 ἀδιαθέτοο
459 2722 592 2805 γίνονται
621 2725 815 2810 κληρονόμοι.
874 2725 952 2788 ἀλλὰ
980 2727 1057 2789 κατὰ
1084 2725 1141 2807 μὲν
1172 2727 1206 2788 τδ
1234 2726 1386 2788 πολιτικὸν

260 2824 389 2907 οὐδεμία
411 2824 551 2910 διαφορὰ
574 2827 753 2891 Πθοθεεαῐὶιι
775 2829 824 2891 καί
845 2827 905 2892 sslu
927 2827 1123 2907 noemmin,
1146 2829 1164 2890 δ
1186 2825 1223 2891 δὲ
1244 2825 1388 2910 praeter

259 2928 344 3011 όριῖιν
366 2929 445 3010 πρὸς
467 2929 501 2990 τὸ
525 2927 614 3012 φύσει
637 2928 751 2993 δίκαιον
773 2927 902 2992 δίδωσιν
925 2927 1031 3004 αἰιτοῖς
1053 2930 1229 3016 παρρησίαν
1253 2927 1309 2994 τοῦ
1330 2928 1387 2993 ab·

208 3043 242 3094 25
259 3029 449 3094 stinatefiein
478 3029 609 3106 ἑαυτοὺς
639 3034 694 3117 τῆς
723 3029 875 3117 πατρῴας
904 3031 1124 3118 κληρονομίας,
1152 3031 1186 3096 ἐν
1215 3031 1244 3118 ᾧ
1273 3031 1386 3117 ταύτην

262 3129 396 3192 ὕποπτον
417 3133 573 3216 ἡγοῦνται.
619 3131 652 3194 έν
674 3132 731 3196 δύο
759 3133 820 3219 γὰρ
848 3132 987 3214 εἰνγενέοι
1013 3133 1165 3216 κάλλιονῖ)
1196 3132 1388 3219 ὑβρίζεσθαι

261 3235 312 3296 τόν
336 3234 560 3320 τελευτήσαντα
583 3232 602 3319 η
623 3236 678 3297 τόν
701 3235 819 3312 ζῶντα,
848 3238 900 3299 τὸν
928 3237 979 3298 καί
1007 3234 1233 3319 αἰσθανόμενον
1264 3239 1319 3321 τῆς
1340 3235 1388 3298 ἐν·

261 3333 372 3398 τεῢθεν
395 3335 529 3422 ἀτιμίας.
574 3334 670 3399 αὐτοῦ
693 3338 792 3401 τοίνυν
815 3336 1124 3420 abstinetel'lsantoe,
1160 3338 1197 3402 τὰ
1220 3339 1386 3423 πράγματα

263 3441 291 3500 οί
311 3438 486 3504 creditores
510 3439 689 3525 λη’μονταιθ)
710 3443 765 3503 τοῦ
782 3441 1023 3526 τελευτησαντος
1042 3439 1079 3503 οδ
1099 3441 1162 3526 μὴν
1183 3438 1236 3503 ἐπ’
1260 3440 1388 3524 ὀνόματι

208 3553 244 3604 30
262 3538 317 3604 τοῦ
347 3540 464 3617 παιδός.
522 3541 551 3606 3.
587 3539 760 3607 Επίτόηθοί
789 3541 826 3605 δέ
856 3541 914 3606 εἰσι
944 3545 1058 3618 πάντες
1087 3543 1115 3604 οἰ
1145 3542 1230 3626 παρὰ
1259 3541 1388 3614 τούτους
1404 3559 1430 3610 3.

266 3640 380 3718 ἁπλῶς,
405 3643 470 3705 όοοι
491 3644 535 3727 μὴ
559 3643 789 3729 ὑποβέβληνται
809 3647 849 3730 τῇ
871 3641 925 3708 τοῦ
942 3645 1183 3730 τελευτήσαντος
1205 3643 1389 3715 όπεξουσιό·

333 3896 354 3961 1)
373 3893 398 3948 d.
418 3895 447 3948 F.
583 3896 606 3962 ἰ)
624 3895 699 3950 Haec
716 3895 741 3950 d.
761 3896 807 3949 F.:
827 3896 927 3950 habent
945 3895 1006 3950 libri
1026 3911 1124 3951 omnes.
1262 3896 1287 3960 ⁸)
1302 3895 1386 3966 χρεία

267 3978 358 4038 αὐτοῖς
376 3978 416 4034 vi.
436 3980 468 4033 R.
618 3982 642 4050 ⁴)
662 3985 709 4032 τοῦ
728 3980 775 4034 οἰκ.
796 4000 864 4051 προς
882 3981 924 4035 vi.
942 3981 975 4035 R.
1095 3983 1119 4046 ⁵)
1137 3982 1190 4034 εἰσι
1208 3980 1251 4032 καί
1269 3980 1318 4034 ins.
1337 3979 1385 4032 [ιθ.

261 4064 287 4128 ⁶)
306 4081 337 4116 τε
355 4063 398 4116 αθ.
417 4062 466 4119 Ιιί,
486 4065 517 4118 F.
621 4067 644 4132 ⁷)
663 4066 744 4118 -λίυι
761 4066 791 4120 F.
896 4067 920 4131 8)
937 4066 989 4121 M:
1008 4067 1030 4122 λ.
1051 4067 1077 4118 οἰ
1095 4084 1137 4135 κρ.
1157 4071 1206 4120 eet.

333 4172 361 4233 a>
378 4166 417 4220 οι.
436 4167 557 4235 Theoph.
576 4171 602 4229 ο,
623 4171 645 4234 1,
663 4172 687 4222 2.
