<?xml version="1.0" encoding="UTF-8"?>
<!DOCTYPE html PUBLIC "-//W3C//DTD XHTML 1.0 Transitional//EN"
    "http://www.w3.org/TR/xhtml1/DTD/xhtml1-transitional.dtd">
<html xmlns="http://www.w3.org/1999/xhtml" xml:lang="en" lang="en">
 <head>
  <title>
</title>
<meta http-equiv="Content-Type" content="text/html;charset=utf-8" />
  <meta name='ocr-system' content='tesseract 3.04.00' />
  <meta name='ocr-capabilities' content='ocr_page ocr_carea ocr_par ocr_line ocrx_word'/>
</head>
<body>
  <div class='ocr_page' id='page_1' title='image "./institutionumgr00linggoog_0065.png"; bbox 0 0 3096 4890; ppageno 0'>
   <div class='ocr_carea' id='block_1_1' title="bbox 616 415 829 479">
    <p class='ocr_par' dir='ltr' id='par_1_1' title="bbox 616 415 829 479">
     <span class='ocr_line' id='line_1_1' title="bbox 616 415 829 479; baseline 0 -15"><span class='ocrx_word' id='word_1_1' title='bbox 616 415 829 479; x_wconf 76' lang='lat'>..16-</span> 
     </span>
    </p>
   </div>
   <div class='ocr_carea' id='block_1_2' title="bbox 109 595 1338 3552">
    <p class='ocr_par' dir='ltr' id='par_1_2' title="bbox 109 595 1338 3552">
     <span class='ocr_line' id='line_1_2' title="bbox 151 595 1285 680; baseline -0.006 -12"><span class='ocrx_word' id='word_1_2' title='bbox 151 604 277 668; x_wconf 72' lang='lat' dir='ltr'><strong>antur:</strong></span> <span class='ocrx_word' id='word_1_3' title='bbox 320 597 376 664; x_wconf 92' lang='lat' dir='ltr'><strong>uel</strong></span> <span class='ocrx_word' id='word_1_4' title='bbox 395 599 480 680; x_wconf 83' lang='lat' dir='ltr'><strong>quod</strong></span> <span class='ocrx_word' id='word_1_5' title='bbox 502 598 642 665; x_wconf 91' lang='lat' dir='ltr'><strong>omnium</strong></span> <span class='ocrx_word' id='word_1_6' title='bbox 664 598 878 676; x_wconf 85' lang='lat' dir='ltr'><strong>uerissimum,</strong></span> <span class='ocrx_word' id='word_1_7' title='bbox 906 599 980 680; x_wconf 90' lang='lat' dir='ltr'><strong>quia</strong></span> <span class='ocrx_word' id='word_1_8' title='bbox 1001 599 1034 662; x_wconf 92' lang='lat' dir='ltr'><strong>in</strong></span> <span class='ocrx_word' id='word_1_9' title='bbox 1057 602 1198 679; x_wconf 91' lang='lat' dir='ltr'><strong>tempore</strong></span> <span class='ocrx_word' id='word_1_10' title='bbox 1220 595 1285 662; x_wconf 88' lang='lat' dir='ltr'><strong>dis·</strong></span> 
     </span>
     <span class='ocr_line' id='line_1_3' title="bbox 152 715 1287 798; baseline -0.004 -14"><span class='ocrx_word' id='word_1_11' title='bbox 152 717 308 784; x_wconf 81' lang='lat' dir='ltr'><strong>sensionis</strong></span> <span class='ocrx_word' id='word_1_12' title='bbox 330 717 426 782; x_wconf 87' lang='lat' dir='ltr'><strong>sicuti</strong></span> <span class='ocrx_word' id='word_1_13' title='bbox 447 718 532 797; x_wconf 91' lang='lat' dir='ltr'><strong>apud</strong></span> <span class='ocrx_word' id='word_1_14' title='bbox 553 718 705 797; x_wconf 85' lang='lat' dir='ltr'><strong>patricios</strong></span> <span class='ocrx_word' id='word_1_15' title='bbox 728 716 837 784; x_wconf 90' lang='lat' dir='ltr'><strong>consul</strong></span> <span class='ocrx_word' id='word_1_16' title='bbox 864 724 934 783; x_wconf 89' lang='lat' dir='ltr'><strong>erat</strong></span> <span class='ocrx_word' id='word_1_17' title='bbox 960 715 1016 798; x_wconf 90' lang='lat' dir='ltr'><strong>qui</strong></span> <span class='ocrx_word' id='word_1_18' title='bbox 1038 717 1087 781; x_wconf 84' lang='lat' dir='ltr'><strong>ius</strong></span> <span class='ocrx_word' id='word_1_19' title='bbox 1110 715 1229 782; x_wconf 88' lang='lat' dir='ltr'><strong>diceret</strong></span> <span class='ocrx_word' id='word_1_20' title='bbox 1251 721 1287 781; x_wconf 89' lang='lat' dir='ltr'><strong>et</strong></span> 
     </span>
     <span class='ocr_line' id='line_1_4' title="bbox 152 835 1284 924; baseline -0.004 -20"><span class='ocrx_word' id='word_1_21' title='bbox 152 836 387 924; x_wconf 88' lang='lat' dir='ltr'><strong>controuersias</strong></span> <span class='ocrx_word' id='word_1_22' title='bbox 409 838 580 916; x_wconf 85' lang='lat' dir='ltr'>dirimeret,</span> <span class='ocrx_word' id='word_1_23' title='bbox 602 839 649 902; x_wconf 90' lang='lat' dir='ltr'><strong>ita</strong></span> <span class='ocrx_word' id='word_1_24' title='bbox 670 839 754 920; x_wconf 86' lang='lat' dir='ltr'><strong>apud</strong></span> <span class='ocrx_word' id='word_1_25' title='bbox 777 838 915 918; x_wconf 90' lang='lat' dir='ltr'><strong>plebeios</strong></span> <span class='ocrx_word' id='word_1_26' title='bbox 937 855 1063 921; x_wconf 87' lang='lat' dir='ltr'><strong>qnoque</strong></span> <span class='ocrx_word' id='word_1_27' title='bbox 1086 835 1212 918; x_wconf 88' lang='lat' dir='ltr'><strong>quidam</strong></span> <span class='ocrx_word' id='word_1_28' title='bbox 1235 839 1284 900; x_wconf 89' lang='lat' dir='ltr'><strong>est</strong></span> 
     </span>
     <span class='ocr_line' id='line_1_5' title="bbox 152 939 1283 1040; baseline -0.004 -16"><span class='ocrx_word' id='word_1_29' title='bbox 152 964 291 1036; x_wconf 89' lang='lat' dir='ltr'><strong>creatus,</strong></span> <span class='ocrx_word' id='word_1_30' title='bbox 313 957 368 1038; x_wconf 91' lang='lat' dir='ltr'><strong>qni</strong></span> <span class='ocrx_word' id='word_1_31' title='bbox 389 939 429 1022; x_wconf 87' lang='lat' dir='ltr'><strong>ab</strong></span> <span class='ocrx_word' id='word_1_32' title='bbox 452 955 492 1021; x_wconf 94' lang='lat' dir='ltr'><strong>iis</strong></span> <span class='ocrx_word' id='word_1_33' title='bbox 515 957 672 1037; x_wconf 85' lang='lat' dir='ltr'><strong>adiretur,</strong></span> <span class='ocrx_word' id='word_1_34' title='bbox 699 958 753 1040; x_wconf 89' lang='lat' dir='ltr'><strong>qui</strong></span> <span class='ocrx_word' id='word_1_35' title='bbox 776 939 834 1040; x_wconf 87' lang='lat' dir='ltr'><strong>ope</strong></span> <span class='ocrx_word' id='word_1_36' title='bbox 864 956 970 1040; x_wconf 89' lang='lat' dir='ltr'><strong>aliqua</strong></span> <span class='ocrx_word' id='word_1_37' title='bbox 999 961 1137 1037; x_wconf 83' lang='lat' dir='ltr'><strong>egerent.</strong></span> <span class='ocrx_word' id='word_1_38' title='bbox 1189 962 1221 1021; x_wconf 91' lang='lat' dir='ltr'><strong>et</strong></span> <span class='ocrx_word' id='word_1_39' title='bbox 1243 956 1283 1022; x_wconf 91' lang='lat' dir='ltr'><strong>ab</strong></span> 
     </span>
     <span class='ocr_line' id='line_1_6' title="bbox 152 1076 1335 1156; baseline -0.001 -15"><span class='ocrx_word' id='word_1_40' title='bbox 152 1076 338 1141; x_wconf 87' lang='lat' dir='ltr'><strong>aditione</strong></span> <span class='ocrx_word' id='word_1_41' title='bbox 363 1076 489 1142; x_wconf 88' lang='lat' dir='ltr'><strong>odilis</strong></span> <span class='ocrx_word' id='word_1_42' title='bbox 519 1083 572 1142; x_wconf 91' lang='lat' dir='ltr'><strong>est</strong></span> <span class='ocrx_word' id='word_1_43' title='bbox 593 1083 744 1155; x_wconf 88' lang='lat' dir='ltr'><strong>uocatus,</strong></span> <span class='ocrx_word' id='word_1_44' title='bbox 768 1077 850 1143; x_wconf 91' lang='lat' dir='ltr'><strong>idest</strong></span> <span class='ocrx_word' id='word_1_45' title='bbox 872 1078 912 1146; x_wconf 89' lang='lat' dir='ltr'><strong>ab</strong></span> <span class='ocrx_word' id='word_1_46' title='bbox 935 1077 1126 1142; x_wconf 89' lang='lat' dir='ltr'><strong>adeundo.</strong></span> <span class='ocrx_word' id='word_1_47' title='bbox 1171 1079 1283 1156; x_wconf 90' lang='lat' dir='ltr'><strong>postea</strong></span> <span class='ocrx_word' id='word_1_48' title='bbox 1319 1090 1335 1140; x_wconf 83' lang='lat' dir='ltr'><strong>o</strong></span> 
     </span>
     <span class='ocr_line' id='line_1_7' title="bbox 151 1171 1285 1279; baseline 0 -19"><span class='ocrx_word' id='word_1_49' title='bbox 151 1171 285 1279; x_wconf 78' lang='lat' dir='ltr'><strong>propter</strong></span> <span class='ocrx_word' id='word_1_50' title='bbox 306 1194 480 1261; x_wconf 87' lang='lat' dir='ltr'><strong>molliorem</strong></span> <span class='ocrx_word' id='word_1_51' title='bbox 501 1214 613 1262; x_wconf 87' lang='lat' dir='ltr'><strong>sonum</strong></span> <span class='ocrx_word' id='word_1_52' title='bbox 639 1216 656 1262; x_wconf 93' lang='lat' dir='ltr'><strong>e</strong></span> <span class='ocrx_word' id='word_1_53' title='bbox 678 1196 786 1261; x_wconf 90' lang='lat' dir='ltr'><strong>littera</strong></span> <span class='ocrx_word' id='word_1_54' title='bbox 808 1195 917 1261; x_wconf 90' lang='lat' dir='ltr'><strong>addita</strong></span> <span class='ocrx_word' id='word_1_55' title='bbox 947 1203 1012 1274; x_wconf 90' lang='lat' dir='ltr'><strong>est,</strong></span> <span class='ocrx_word' id='word_1_56' title='bbox 1042 1203 1074 1260; x_wconf 89' lang='lat' dir='ltr'><strong>et</strong></span> <span class='ocrx_word' id='word_1_57' title='bbox 1096 1195 1213 1262; x_wconf 86' lang='lat' dir='ltr'><strong>sactum</strong></span> <span class='ocrx_word' id='word_1_58' title='bbox 1236 1202 1285 1262; x_wconf 90' lang='lat' dir='ltr'><strong>est</strong></span> 
     </span>
     <span class='ocr_line' id='line_1_8' title="bbox 155 1313 1287 1394; baseline -0.004 -14"><span class='ocrx_word' id='word_1_59' title='bbox 155 1315 320 1382; x_wconf 78' lang='lat' dir='ltr'><strong>»aedilis«.</strong></span> <span class='ocrx_word' id='word_1_60' title='bbox 353 1314 478 1381; x_wconf 89' lang='lat' dir='ltr'><strong>curules</strong></span> <span class='ocrx_word' id='word_1_61' title='bbox 500 1324 606 1380; x_wconf 88' lang='lat' dir='ltr'><strong>autem</strong></span> <span class='ocrx_word' id='word_1_62' title='bbox 631 1315 713 1392; x_wconf 89' lang='lat' dir='ltr'><strong>ideo,</strong></span> <span class='ocrx_word' id='word_1_63' title='bbox 736 1316 810 1394; x_wconf 87' lang='lat' dir='ltr'><strong>quia</strong></span> <span class='ocrx_word' id='word_1_64' title='bbox 832 1313 989 1380; x_wconf 86' lang='lat' dir='ltr'><strong>consulari</strong></span> <span class='ocrx_word' id='word_1_65' title='bbox 1011 1315 1089 1378; x_wconf 89' lang='lat' dir='ltr'><strong>sella</strong></span> <span class='ocrx_word' id='word_1_66' title='bbox 1110 1320 1287 1380; x_wconf 77' lang='lat' dir='ltr'><strong>uterentur.</strong></span> 
     </span>
     <span class='ocr_line' id='line_1_9' title="bbox 151 1432 1285 1517; baseline -0.001 -18"><span class='ocrx_word' id='word_1_67' title='bbox 151 1435 270 1500; x_wconf 86' lang='lat' dir='ltr'><strong>horum</strong></span> <span class='ocrx_word' id='word_1_68' title='bbox 289 1439 395 1499; x_wconf 88' lang='lat' dir='ltr'><strong>autem</strong></span> <span class='ocrx_word' id='word_1_69' title='bbox 418 1433 522 1498; x_wconf 88' lang='lat' dir='ltr'><strong>edicta</strong></span> <span class='ocrx_word' id='word_1_70' title='bbox 548 1432 581 1499; x_wconf 90' lang='lat' dir='ltr'><strong>in</strong></span> <span class='ocrx_word' id='word_1_71' title='bbox 610 1434 781 1514; x_wconf 89' lang='lat' dir='ltr'><strong>prouinciis</strong></span> <span class='ocrx_word' id='word_1_72' title='bbox 807 1453 932 1517; x_wconf 85' lang='lat' dir='ltr'><strong>quoque</strong></span> <span class='ocrx_word' id='word_1_73' title='bbox 958 1435 1229 1517; x_wconf 76' lang='lat' dir='ltr'><strong>proponebantur,</strong></span> <span class='ocrx_word' id='word_1_74' title='bbox 1253 1441 1285 1500; x_wconf 91' lang='lat' dir='ltr'><strong>et</strong></span> 
     </span>
     <span class='ocr_line' id='line_1_10' title="bbox 152 1554 1284 1636; baseline -0.001 -18"><span class='ocrx_word' id='word_1_75' title='bbox 152 1554 330 1619; x_wconf 78' lang='lat' dir='ltr'><strong>nocebatur</strong></span> <span class='ocrx_word' id='word_1_76' title='bbox 352 1571 460 1619; x_wconf 90' lang='lat' dir='ltr'><strong>eorum</strong></span> <span class='ocrx_word' id='word_1_77' title='bbox 483 1555 532 1619; x_wconf 89' lang='lat' dir='ltr'><strong>ius</strong></span> <span class='ocrx_word' id='word_1_78' title='bbox 554 1555 825 1635; x_wconf 90' lang='lat' dir='ltr'><strong>honorarium,</strong></span> <span class='ocrx_word' id='word_1_79' title='bbox 853 1576 923 1622; x_wconf 91' lang='lat' dir='ltr'><strong>cum</strong></span> <span class='ocrx_word' id='word_1_80' title='bbox 953 1557 984 1621; x_wconf 95' lang='lat' dir='ltr'><strong>in</strong></span> <span class='ocrx_word' id='word_1_81' title='bbox 1010 1557 1096 1622; x_wconf 89' lang='lat' dir='ltr'><strong>illius</strong></span> <span class='ocrx_word' id='word_1_82' title='bbox 1119 1555 1284 1636; x_wconf 86' lang='lat' dir='ltr'><strong>magistra·</strong></span> 
     </span>
     <span class='ocr_line' id='line_1_11' title="bbox 152 1673 1335 1763; baseline 0.002 -25"><span class='ocrx_word' id='word_1_83' title='bbox 152 1679 208 1738; x_wconf 91' lang='lat' dir='ltr'><strong>tus</strong></span> <span class='ocrx_word' id='word_1_84' title='bbox 229 1673 390 1763; x_wconf 82' lang='lat' dir='ltr'><strong>bonorem,</strong></span> <span class='ocrx_word' id='word_1_85' title='bbox 412 1675 467 1754; x_wconf 91' lang='lat' dir='ltr'><strong>qui</strong></span> <span class='ocrx_word' id='word_1_86' title='bbox 489 1675 719 1756; x_wconf 83' lang='lat' dir='ltr'><strong>proposuisset,</strong></span> <span class='ocrx_word' id='word_1_87' title='bbox 743 1675 900 1756; x_wconf 91' lang='lat' dir='ltr'><strong>optineret</strong></span> <span class='ocrx_word' id='word_1_88' title='bbox 928 1682 1025 1758; x_wconf 90' lang='lat' dir='ltr'><strong>atque</strong></span> <span class='ocrx_word' id='word_1_89' title='bbox 1051 1681 1212 1756; x_wconf 88' lang='lat' dir='ltr'><strong>receptum</strong></span> <span class='ocrx_word' id='word_1_90' title='bbox 1235 1692 1282 1740; x_wconf 89' lang='lat' dir='ltr'><strong>es·</strong></span> <span class='ocrx_word' id='word_1_91' title='bbox 1302 1690 1335 1740; x_wconf 89' lang='lat'><strong>10</strong></span> 
     </span>
     <span class='ocr_line' id='line_1_12' title="bbox 152 1793 1282 1886; baseline 0.004 -30"><span class='ocrx_word' id='word_1_92' title='bbox 152 1798 213 1858; x_wconf 92' lang='lat' dir='ltr'><strong>set.</strong></span> <span class='ocrx_word' id='word_1_93' title='bbox 238 1801 269 1858; x_wconf 91' lang='lat' dir='ltr'><strong>et</strong></span> <span class='ocrx_word' id='word_1_94' title='bbox 289 1793 410 1886; x_wconf 84' lang='lat' dir='ltr'><strong>aediles</strong></span> <span class='ocrx_word' id='word_1_95' title='bbox 432 1795 591 1876; x_wconf 78' lang='lat' dir='ltr'><strong>igiturne</strong></span> <span class='ocrx_word' id='word_1_96' title='bbox 614 1795 802 1886; x_wconf 83' lang='lat' dir='ltr'><strong>quibusdam</strong></span> <span class='ocrx_word' id='word_1_97' title='bbox 825 1796 951 1864; x_wconf 89' lang='lat' dir='ltr'><strong>casibus</strong></span> <span class='ocrx_word' id='word_1_98' title='bbox 966 1796 1016 1860; x_wconf 93' lang='lat' dir='ltr'><strong>ius</strong></span> <span class='ocrx_word' id='word_1_99' title='bbox 1038 1795 1282 1873; x_wconf 85' lang='lat' dir='ltr'><strong>constituebant,</strong></span> 
     </span>
     <span class='ocr_line' id='line_1_13' title="bbox 153 1913 1283 2000; baseline 0 -22"><span class='ocrx_word' id='word_1_100' title='bbox 153 1929 327 1992; x_wconf 88' lang='lat' dir='ltr'><strong>eorumque</strong></span> <span class='ocrx_word' id='word_1_101' title='bbox 357 1913 492 1979; x_wconf 89' lang='lat' dir='ltr'><strong>edictum</strong></span> <span class='ocrx_word' id='word_1_102' title='bbox 519 1933 592 1996; x_wconf 88' lang='lat' dir='ltr'><strong>pars</strong></span> <span class='ocrx_word' id='word_1_103' title='bbox 621 1914 716 1982; x_wconf 91' lang='lat' dir='ltr'><strong>edicti</strong></span> <span class='ocrx_word' id='word_1_104' title='bbox 744 1914 910 1997; x_wconf 90' lang='lat' dir='ltr'><strong>utriusque</strong></span> <span class='ocrx_word' id='word_1_105' title='bbox 939 1917 1094 2000; x_wconf 82' lang='lat' dir='ltr'><strong>praetoris</strong></span> <span class='ocrx_word' id='word_1_106' title='bbox 1116 1916 1229 1980; x_wconf 89' lang='lat' dir='ltr'><strong>urbani</strong></span> <span class='ocrx_word' id='word_1_107' title='bbox 1250 1919 1283 1980; x_wconf 91' lang='lat' dir='ltr'><strong>et</strong></span> 
     </span>
     <span class='ocr_line' id='line_1_14' title="bbox 109 2031 1282 2116; baseline -0.003 -17"><span class='ocrx_word' id='word_1_108' title='bbox 109 2036 135 2086; x_wconf 75' lang='lat'><strong>⁹·</strong></span> <span class='ocrx_word' id='word_1_109' title='bbox 153 2032 316 2116; x_wconf 82' lang='lat' dir='ltr'><strong>peregrini</strong></span> <span class='ocrx_word' id='word_1_110' title='bbox 337 2031 458 2098; x_wconf 84' lang='lat' dir='ltr'><strong>iactum.</strong></span> <span class='ocrx_word' id='word_1_111' title='bbox 477 2039 538 2109; x_wconf 82' lang='lat' dir='ltr'><strong>est,</strong></span> <span class='ocrx_word' id='word_1_112' title='bbox 559 2031 651 2112; x_wconf 87' lang='lat' dir='ltr'><strong>eique</strong></span> <span class='ocrx_word' id='word_1_113' title='bbox 673 2032 827 2098; x_wconf 86' lang='lat' dir='ltr'><strong>adhaesit.</strong></span> <span class='ocrx_word' id='word_1_114' title='bbox 866 2035 896 2098; x_wconf 83' lang='lat'><strong>9.</strong></span> <span class='ocrx_word' id='word_1_115' title='bbox 930 2032 1026 2106; x_wconf 82' lang='lat' dir='ltr'><strong>Sexto</strong></span> <span class='ocrx_word' id='word_1_116' title='bbox 1048 2034 1115 2100; x_wconf 92' lang='lat' dir='ltr'><strong>loco</strong></span> <span class='ocrx_word' id='word_1_117' title='bbox 1137 2036 1188 2100; x_wconf 89' lang='lat' dir='ltr'><strong>ius</strong></span> <span class='ocrx_word' id='word_1_118' title='bbox 1210 2051 1282 2098; x_wconf 88' lang='lat' dir='ltr'><strong>con·</strong></span> 
     </span>
     <span class='ocr_line' id='line_1_15' title="bbox 155 2152 1282 2235; baseline -0.002 -17"><span class='ocrx_word' id='word_1_119' title='bbox 155 2155 237 2218; x_wconf 89' lang='lat' dir='ltr'><strong>dunt</strong></span> <span class='ocrx_word' id='word_1_120' title='bbox 257 2153 438 2234; x_wconf 90' lang='lat' dir='ltr'><strong>prudentes.</strong></span> <span class='ocrx_word' id='word_1_121' title='bbox 482 2152 655 2233; x_wconf 86' lang='lat' dir='ltr'><strong>prudentes</strong></span> <span class='ocrx_word' id='word_1_122' title='bbox 678 2157 784 2217; x_wconf 91' lang='lat' dir='ltr'><strong>autem</strong></span> <span class='ocrx_word' id='word_1_123' title='bbox 808 2170 861 2217; x_wconf 89' lang='lat' dir='ltr'><strong>eos</strong></span> <span class='ocrx_word' id='word_1_124' title='bbox 885 2171 979 2229; x_wconf 91' lang='lat' dir='ltr'><strong>noco,</strong></span> <span class='ocrx_word' id='word_1_125' title='bbox 1001 2155 1115 2235; x_wconf 90' lang='lat' dir='ltr'><strong>quibus</strong></span> <span class='ocrx_word' id='word_1_126' title='bbox 1137 2153 1188 2219; x_wconf 86' lang='lat' dir='ltr'><strong>ius</strong></span> <span class='ocrx_word' id='word_1_127' title='bbox 1211 2171 1282 2218; x_wconf 89' lang='lat' dir='ltr'><strong>con-</strong></span> 
     </span>
     <span class='ocr_line' id='line_1_16' title="bbox 155 2271 1334 2356; baseline 0.003 -20"><span class='ocrx_word' id='word_1_128' title='bbox 155 2273 233 2339; x_wconf 87' lang='lat' dir='ltr'><strong>dere</strong></span> <span class='ocrx_word' id='word_1_129' title='bbox 254 2276 311 2336; x_wconf 82' lang='lat' dir='ltr'><strong>aut</strong></span> <span class='ocrx_word' id='word_1_130' title='bbox 331 2271 466 2353; x_wconf 90' lang='lat' dir='ltr'><strong>populus</strong></span> <span class='ocrx_word' id='word_1_131' title='bbox 488 2278 545 2335; x_wconf 88' lang='lat' dir='ltr'><strong>aut</strong></span> <span class='ocrx_word' id='word_1_132' title='bbox 566 2276 696 2336; x_wconf 88' lang='lat' dir='ltr'><strong>senatus</strong></span> <span class='ocrx_word' id='word_1_133' title='bbox 718 2276 774 2336; x_wconf 88' lang='lat' dir='ltr'><strong>aut</strong></span> <span class='ocrx_word' id='word_1_134' title='bbox 796 2271 941 2354; x_wconf 89' lang='lat' dir='ltr'><strong>princeps</strong></span> <span class='ocrx_word' id='word_1_135' title='bbox 963 2274 1161 2340; x_wconf 87' lang='lat' dir='ltr'><strong>concesserit.</strong></span> <span class='ocrx_word' id='word_1_136' title='bbox 1198 2273 1281 2356; x_wconf 90' lang='lat' dir='ltr'><strong>quod</strong></span> <span class='ocrx_word' id='word_1_137' title='bbox 1302 2289 1334 2340; x_wconf 80' lang='lat'><strong>15</strong></span> 
     </span>
     <span class='ocr_line' id='line_1_17' title="bbox 152 2389 1282 2474; baseline -0.001 -17"><span class='ocrx_word' id='word_1_138' title='bbox 152 2399 260 2457; x_wconf 86' lang='lat' dir='ltr'><strong>autem</strong></span> <span class='ocrx_word' id='word_1_139' title='bbox 284 2392 324 2456; x_wconf 90' lang='lat' dir='ltr'><strong>ab</strong></span> <span class='ocrx_word' id='word_1_140' title='bbox 347 2391 391 2455; x_wconf 87' lang='lat' dir='ltr'><strong>eis</strong></span> <span class='ocrx_word' id='word_1_141' title='bbox 417 2389 467 2455; x_wconf 89' lang='lat' dir='ltr'><strong>ius</strong></span> <span class='ocrx_word' id='word_1_142' title='bbox 496 2390 701 2456; x_wconf 87' lang='lat' dir='ltr'><strong>constituitur</strong></span> <span class='ocrx_word' id='word_1_143' title='bbox 727 2389 871 2471; x_wconf 83' lang='lat' dir='ltr'><strong>generali.</strong></span> <span class='ocrx_word' id='word_1_144' title='bbox 897 2393 1105 2474; x_wconf 81' lang='lat' dir='ltr'><strong>appellatione</strong></span> <span class='ocrx_word' id='word_1_145' title='bbox 1139 2411 1282 2472; x_wconf 80' lang='lat' dir='ltr'><strong>»respon-</strong></span> 
     </span>
     <span class='ocr_line' id='line_1_18' title="bbox 152 2510 1338 2602; baseline -0.002 -26"><span class='ocrx_word' id='word_1_146' title='bbox 152 2510 460 2602; x_wconf 78' lang='lat' dir='ltr'><strong>sompnolentiam«</strong></span> <span class='ocrx_word' id='word_1_147' title='bbox 483 2515 631 2576; x_wconf 88' lang='lat' dir='ltr'><strong>uocatum</strong></span> <span class='ocrx_word' id='word_1_148' title='bbox 655 2515 719 2598; x_wconf 80' lang='lat' dir='ltr'><strong>cst,</strong></span> <span class='ocrx_word' id='word_1_149' title='bbox 737 2527 807 2576; x_wconf 89' lang='lat' dir='ltr'><strong>oum</strong></span> <span class='ocrx_word' id='word_1_150' title='bbox 828 2528 888 2592; x_wconf 87' lang='lat' dir='ltr'><strong>per</strong></span> <span class='ocrx_word' id='word_1_151' title='bbox 909 2513 1086 2578; x_wconf 91' lang='lat' dir='ltr'><strong>consultum</strong></span> <span class='ocrx_word' id='word_1_152' title='bbox 1109 2518 1141 2577; x_wconf 90' lang='lat' dir='ltr'><strong>et</strong></span> <span class='ocrx_word' id='word_1_153' title='bbox 1156 2530 1283 2593; x_wconf 91' lang='lat' dir='ltr'><strong>respon·</strong></span> <span class='ocrx_word' id='word_1_154' title='bbox 1309 2555 1311 2560; x_wconf 82' lang='lat'><em>.</em></span> <span class='ocrx_word' id='word_1_155' title='bbox 1336 2569 1338 2574; x_wconf 89' lang='lat'><em>.</em></span> 
     </span>
     <span class='ocr_line' id='line_1_19' title="bbox 152 2628 1283 2712; baseline 0.003 -18"><span class='ocrx_word' id='word_1_156' title='bbox 152 2647 226 2694; x_wconf 89' lang='lat' dir='ltr'><strong>sum</strong></span> <span class='ocrx_word' id='word_1_157' title='bbox 247 2629 317 2693; x_wconf 91' lang='lat' dir='ltr'><strong>iura</strong></span> <span class='ocrx_word' id='word_1_158' title='bbox 338 2628 518 2705; x_wconf 86' lang='lat' dir='ltr'><strong>conderent</strong></span> <span class='ocrx_word' id='word_1_159' title='bbox 553 2645 648 2712; x_wconf 87' lang='lat' dir='ltr'><strong>porro</strong></span> <span class='ocrx_word' id='word_1_160' title='bbox 671 2646 856 2711; x_wconf 87' lang='lat' dir='ltr'><strong>responsum</strong></span> <span class='ocrx_word' id='word_1_161' title='bbox 872 2629 1027 2696; x_wconf 85' lang='lat' dir='ltr'><strong>diuiditur</strong></span> <span class='ocrx_word' id='word_1_162' title='bbox 1048 2631 1283 2698; x_wconf 88' lang='lat' dir='ltr'><strong>insententiam</strong></span> 
     </span>
     <span class='ocr_line' id='line_1_20' title="bbox 152 2747 1284 2831; baseline 0.002 -18"><span class='ocrx_word' id='word_1_163' title='bbox 152 2753 188 2814; x_wconf 90' lang='lat' dir='ltr'><strong>et</strong></span> <span class='ocrx_word' id='word_1_164' title='bbox 209 2749 395 2831; x_wconf 90' lang='lat' dir='ltr'><strong>opinionem.</strong></span> <span class='ocrx_word' id='word_1_165' title='bbox 440 2755 472 2814; x_wconf 90' lang='lat' dir='ltr'><strong>et</strong></span> <span class='ocrx_word' id='word_1_166' title='bbox 494 2749 570 2830; x_wconf 90' lang='lat' dir='ltr'><strong>quid</strong></span> <span class='ocrx_word' id='word_1_167' title='bbox 592 2757 643 2814; x_wconf 90' lang='lat' dir='ltr'><strong>est</strong></span> <span class='ocrx_word' id='word_1_168' title='bbox 664 2747 843 2815; x_wconf 82' lang='lat' dir='ltr'><strong>sententia?</strong></span> <span class='ocrx_word' id='word_1_169' title='bbox 872 2749 964 2831; x_wconf 86' lang='lat' dir='ltr'><strong>plene</strong></span> <span class='ocrx_word' id='word_1_170' title='bbox 992 2757 1089 2829; x_wconf 90' lang='lat' dir='ltr'><strong>atque</strong></span> <span class='ocrx_word' id='word_1_171' title='bbox 1110 2756 1198 2816; x_wconf 86' lang='lat' dir='ltr'><strong>certa</strong></span> <span class='ocrx_word' id='word_1_172' title='bbox 1220 2768 1284 2815; x_wconf 88' lang='lat' dir='ltr'><strong>res·</strong></span> 
     </span>
     <span class='ocr_line' id='line_1_21' title="bbox 151 2867 1337 2951; baseline 0 -15"><span class='ocrx_word' id='word_1_173' title='bbox 151 2869 279 2951; x_wconf 90' lang='lat' dir='ltr'><strong>ponsio,</strong></span> <span class='ocrx_word' id='word_1_174' title='bbox 309 2868 422 2935; x_wconf 87' lang='lat' dir='ltr'><strong>ueluti:</strong></span> <span class='ocrx_word' id='word_1_175' title='bbox 451 2869 550 2936; x_wconf 89' lang='lat' dir='ltr'><strong>licet</strong></span> <span class='ocrx_word' id='word_1_176' title='bbox 578 2869 791 2946; x_wconf 70' lang='lat' dir='ltr'><strong>iniecere,</strong></span> <span class='ocrx_word' id='word_1_177' title='bbox 825 2885 900 2932; x_wconf 93' lang='lat' dir='ltr'><strong>non</strong></span> <span class='ocrx_word' id='word_1_178' title='bbox 933 2869 1032 2935; x_wconf 88' lang='lat' dir='ltr'><strong>licet</strong></span> <span class='ocrx_word' id='word_1_179' title='bbox 1064 2867 1103 2932; x_wconf 89' lang='lat' dir='ltr'><strong>id</strong></span> <span class='ocrx_word' id='word_1_180' title='bbox 1137 2867 1337 2936; x_wconf 79' lang='lat' dir='ltr'><strong>lucarano</strong></span> 
     </span>
     <span class='ocr_line' id='line_1_22' title="bbox 151 2985 1283 3071; baseline -0.003 -17"><span class='ocrx_word' id='word_1_181' title='bbox 151 2988 259 3071; x_wconf 94' lang='lat' dir='ltr'><strong>opinio</strong></span> <span class='ocrx_word' id='word_1_182' title='bbox 282 3007 358 3054; x_wconf 88' lang='lat' dir='ltr'><strong>uero</strong></span> <span class='ocrx_word' id='word_1_183' title='bbox 380 2994 429 3054; x_wconf 87' lang='lat' dir='ltr'><strong>cst</strong></span> <span class='ocrx_word' id='word_1_184' title='bbox 451 3007 604 3071; x_wconf 88' lang='lat' dir='ltr'><strong>suspensa</strong></span> <span class='ocrx_word' id='word_1_185' title='bbox 626 3008 663 3054; x_wconf 88' lang='lat' dir='ltr'><strong>ac</strong></span> <span class='ocrx_word' id='word_1_186' title='bbox 685 2987 868 3054; x_wconf 88' lang='lat' dir='ltr'><strong>dubitanter</strong></span> <span class='ocrx_word' id='word_1_187' title='bbox 890 2985 1014 3070; x_wconf 82' lang='lat' dir='ltr'><strong>prolata</strong></span> <span class='ocrx_word' id='word_1_188' title='bbox 1035 2987 1208 3070; x_wconf 90' lang='lat' dir='ltr'><strong>responsio,</strong></span> <span class='ocrx_word' id='word_1_189' title='bbox 1231 3006 1283 3052; x_wconf 91' lang='lat' dir='ltr'><strong>ue·</strong></span> 
     </span>
     <span class='ocr_line' id='line_1_23' title="bbox 150 3105 1284 3191; baseline -0.004 -18"><span class='ocrx_word' id='word_1_190' title='bbox 150 3107 225 3173; x_wconf 89' lang='lat' dir='ltr'><strong>luti:</strong></span> <span class='ocrx_word' id='word_1_191' title='bbox 247 3115 343 3191; x_wconf 92' lang='lat' dir='ltr'><strong>puto</strong></span> <span class='ocrx_word' id='word_1_192' title='bbox 364 3108 405 3173; x_wconf 88' lang='lat' dir='ltr'><strong>id</strong></span> <span class='ocrx_word' id='word_1_193' title='bbox 426 3106 524 3174; x_wconf 82' lang='lat' dir='ltr'><strong>lieri</strong></span> <span class='ocrx_word' id='word_1_194' title='bbox 546 3125 675 3190; x_wconf 89' lang='lat' dir='ltr'><strong>posse,</strong></span> <span class='ocrx_word' id='word_1_195' title='bbox 697 3114 792 3188; x_wconf 90' lang='lat' dir='ltr'><strong>puto</strong></span> <span class='ocrx_word' id='word_1_196' title='bbox 813 3107 852 3172; x_wconf 88' lang='lat' dir='ltr'><strong>id</strong></span> <span class='ocrx_word' id='word_1_197' title='bbox 867 3105 958 3173; x_wconf 85' lang='lat' dir='ltr'><strong>fieri</strong></span> <span class='ocrx_word' id='word_1_198' title='bbox 973 3124 1047 3172; x_wconf 92' lang='lat' dir='ltr'><strong>non</strong></span> <span class='ocrx_word' id='word_1_199' title='bbox 1066 3123 1191 3188; x_wconf 90' lang='lat' dir='ltr'><strong>posse.</strong></span> <span class='ocrx_word' id='word_1_200' title='bbox 1214 3124 1284 3186; x_wconf 90' lang='lat' dir='ltr'><strong>per-</strong></span> 
     </span>
     <span class='ocr_line' id='line_1_24' title="bbox 150 3207 1284 3312; baseline -0.004 -19"><span class='ocrx_word' id='word_1_201' title='bbox 150 3228 339 3294; x_wconf 86' lang='lat' dir='ltr'><strong>mittebatur</strong></span> <span class='ocrx_word' id='word_1_202' title='bbox 360 3237 466 3294; x_wconf 86' lang='lat' dir='ltr'><strong>eutem</strong></span> <span class='ocrx_word' id='word_1_203' title='bbox 489 3229 534 3295; x_wconf 88' lang='lat' dir='ltr'><strong>eis</strong></span> <span class='ocrx_word' id='word_1_204' title='bbox 557 3227 682 3309; x_wconf 89' lang='lat' dir='ltr'><strong>publice</strong></span> <span class='ocrx_word' id='word_1_205' title='bbox 704 3207 904 3312; x_wconf 89' lang='lat' dir='ltr'><strong>respondere,</strong></span> <span class='ocrx_word' id='word_1_206' title='bbox 927 3230 1011 3294; x_wconf 89' lang='lat' dir='ltr'><strong>idest</strong></span> <span class='ocrx_word' id='word_1_207' title='bbox 1030 3229 1117 3310; x_wconf 83' lang='lat' dir='ltr'><strong>leges</strong></span> <span class='ocrx_word' id='word_1_208' title='bbox 1131 3227 1284 3306; x_wconf 87' lang='lat' dir='ltr'><strong>interpre-</strong></span> 
     </span>
     <span class='ocr_line' id='line_1_25' title="bbox 149 3345 1282 3433; baseline -0.002 -20"><span class='ocrx_word' id='word_1_209' title='bbox 149 3349 231 3427; x_wconf 85' lang='lat' dir='ltr'><strong>tari3</strong></span> <span class='ocrx_word' id='word_1_210' title='bbox 253 3355 286 3414; x_wconf 92' lang='lat' dir='ltr'><strong>et</strong></span> <span class='ocrx_word' id='word_1_211' title='bbox 300 3348 519 3415; x_wconf 89' lang='lat' dir='ltr'><strong>iurisconsulti</strong></span> <span class='ocrx_word' id='word_1_212' title='bbox 534 3350 784 3432; x_wconf 87' lang='lat' dir='ltr'><strong>appellabantur,</strong></span> <span class='ocrx_word' id='word_1_213' title='bbox 807 3351 890 3416; x_wconf 91' lang='lat' dir='ltr'><strong>idest</strong></span> <span class='ocrx_word' id='word_1_214' title='bbox 912 3351 966 3433; x_wconf 84' lang='lat' dir='ltr'><strong>qui</strong></span> <span class='ocrx_word' id='word_1_215' title='bbox 989 3349 1028 3414; x_wconf 88' lang='lat' dir='ltr'><strong>de</strong></span> <span class='ocrx_word' id='word_1_216' title='bbox 1050 3348 1119 3412; x_wconf 90' lang='lat' dir='ltr'><strong>iure</strong></span> <span class='ocrx_word' id='word_1_217' title='bbox 1142 3345 1282 3411; x_wconf 90' lang='lat' dir='ltr'><strong>cousule-</strong></span> 
     </span>
     <span class='ocr_line' id='line_1_26' title="bbox 149 3465 1334 3552; baseline -0.002 -18"><span class='ocrx_word' id='word_1_218' title='bbox 149 3471 273 3534; x_wconf 74' lang='lat' dir='ltr'><strong>nentur.</strong></span> <span class='ocrx_word' id='word_1_219' title='bbox 316 3466 480 3533; x_wconf 89' lang='lat' dir='ltr'><strong>consulere</strong></span> <span class='ocrx_word' id='word_1_220' title='bbox 507 3467 588 3532; x_wconf 89' lang='lat' dir='ltr'><strong>euim</strong></span> <span class='ocrx_word' id='word_1_221' title='bbox 611 3472 661 3532; x_wconf 90' lang='lat' dir='ltr'><strong>cst</strong></span> <span class='ocrx_word' id='word_1_222' title='bbox 687 3467 891 3552; x_wconf 80' lang='lat' dir='ltr'><strong>interrogare.</strong></span> <span class='ocrx_word' id='word_1_223' title='bbox 943 3485 1078 3550; x_wconf 90' lang='lat' dir='ltr'><strong>quorum</strong></span> <span class='ocrx_word' id='word_1_224' title='bbox 1107 3465 1282 3534; x_wconf 86' lang='lat' dir='ltr'><strong>sententiae</strong></span> <span class='ocrx_word' id='word_1_225' title='bbox 1299 3481 1334 3532; x_wconf 82' lang='lat' dir='ltr'><strong>as</strong></span> 
     </span>
    </p>
   </div>
   <div class='ocr_carea' id='block_1_3' title="bbox 0 0 1552 4890">
    <p class='ocr_par' dir='ltr' id='par_1_3' title="bbox 0 0 1552 4890">
     <span class='ocr_line' id='line_1_27' title="bbox 0 0 1552 4890; baseline 0 0"><span class='ocrx_word' id='word_1_226' title='bbox 0 0 1552 4890; x_wconf 95' lang='lat' dir='ltr'><strong> </strong></span> 
     </span>
    </p>
   </div>
  </div>
 </body>
</html>
