3096 4890
615 395 826 460 -20.-

496 717 543 783 De
564 717 717 799 ingenuis.
761 718 885 786 Titulus
907 723 937 785 4.

153 983 312 1065 ingenuus
333 992 385 1052 est
409 987 594 1067 quistatim
616 996 652 1055 ut
674 994 768 1057 natus
790 998 840 1056 est
861 991 941 1059 liber
968 1000 1016 1058 est
1023 1040 1032 1073 ,
1063 1013 1120 1060 nec
1142 1014 1279 1078 unquam

152 1105 321 1170 seruitutis
343 1113 491 1187 expertus
521 1113 570 1174 est
597 1108 723 1190 iugum,
749 1110 818 1176 siue
847 1129 885 1176 ex
914 1105 1046 1177 duorum
1073 1111 1279 1194 ingenuorum

154 1225 356 1291 matrimonio
378 1227 519 1306 genitus,
541 1229 610 1293 siue
637 1249 676 1294 ex
697 1229 820 1295 duobus
841 1229 1006 1308 libertinis,
1030 1230 1099 1297 siue
1121 1234 1280 1300 exaltem

153 1344 291 1425 ingenuo
313 1347 412 1412 altero
434 1348 591 1414 libertino.
636 1355 686 1414 set
708 1355 740 1413 ct
762 1348 790 1414 si
816 1350 886 1431 quis
910 1370 948 1415 ex
970 1355 1069 1415 matre
1090 1351 1189 1417 libera
1211 1370 1280 1418 nas·
1314 1363 1331 1414 n

153 1470 266 1542 catur,
300 1484 392 1532 seruo
429 1474 535 1534 autem
568 1476 679 1550 patre,
710 1469 865 1549 ingenuus
898 1468 1097 1535 nihilomiuus
1130 1471 1279 1548 nascitur,

153 1586 417 1665 quemadmodum
446 1588 500 1670 qui
529 1607 566 1652 ex
595 1587 696 1654 libera
732 1594 832 1654 matre
858 1594 890 1654 et
919 1589 1039 1654 incerto
1061 1592 1167 1670 patre,
1198 1589 1279 1656 idest

153 1697 253 1786 uulgo
280 1711 453 1773 natusest.
498 1708 663 1773 nonenim
690 1707 781 1790 pueri
809 1709 1033 1790 ingenuitatem
1060 1707 1158 1773 laedit
1184 1709 1279 1790 uulgo

154 1843 227 1890 esse
255 1832 448 1908 conceptum.
503 1825 619 1892 sufficit
651 1832 756 1893 autem
785 1827 914 1893 liberam
944 1845 1012 1893 esse
1041 1831 1174 1894 matrem
1203 1835 1281 1894 tem·

153 1964 243 2028 pore,
264 1962 327 2026 quo
349 1965 427 2028 puer
448 1943 597 2023 nascitur,
620 1943 695 2011 licet
716 1951 865 2028 tempore,
887 1965 949 2027 quo
972 1948 1158 2028 conceperit,
1181 1945 1278 2012 fuerit
1298 1962 1331 2012 10

154 2065 279 2134 ancilla.
324 2073 356 2132 et
386 2086 424 2132 ex
451 2067 608 2133 contrario
636 2068 663 2131 si
692 2067 792 2132 libera
819 2065 996 2148 conceperit
1026 2065 1280 2132 deiudeaucilla

155 2187 257 2266 facta,
291 2187 437 2267 quoniam
471 2206 541 2254 sese
574 2190 614 2254 ad
647 2189 782 2270 pretium
816 2177 1073 2270 participandum
1101 2173 1210 2258 uenire
1238 2187 1280 2252 sit

153 2325 260 2389 passa,
283 2308 401 2388 pariat,
422 2307 501 2374 liber
523 2309 648 2387 estqui
676 2309 823 2374 nascitur.
876 2308 1024 2388 namqui
1049 2307 1081 2371 in
1111 2313 1202 2372 utero
1231 2311 1280 2371 cst

154 2447 218 2493 nou
241 2429 335 2494 debet
356 2448 395 2494 ex
416 2428 596 2496 calamitate
617 2429 725 2493 matris
741 2427 898 2493 damnum
924 2429 1050 2494 sentire.
1102 2445 1171 2492 cum
1195 2425 1280 2490 dixe·

152 2547 255 2614 rimus
277 2550 317 2613 ad
344 2548 433 2630 pueri
459 2548 638 2614 libertatem
665 2546 807 2614 sufficere
835 2548 966 2614 liberam
995 2554 1331 2615 essenatustem·1o

153 2687 232 2750 pore
254 2673 404 2750 matrem3
433 2675 466 2735 et
493 2669 519 2734 si
543 2669 574 2733 in
596 2667 744 2734 libertate
767 2667 929 2748 conceptio
958 2668 1138 2748 contigerit,
1168 2673 1278 2748 partus

153 2807 233 2854 noro
254 2789 287 2854 in
310 2790 475 2868 seruitute,
504 2788 578 2856 inde
599 2790 731 2856 liberum
753 2788 858 2867 nasci,
886 2789 959 2854 uide
986 2787 1062 2870 quid
1090 2789 1131 2853 sit
1158 2786 1279 2869 quaesi·

153 2915 233 2974 tum.
277 2911 390 2975 ancilla
415 2911 569 2992 quaedam
600 2928 670 2974 cum
699 2927 853 2990 praegnas
883 2912 967 2973 esset
995 2906 1186 2971 manumissa
1213 2910 1279 2984 est;

152 3027 260 3110 paullo
282 3034 355 3110 post
381 3027 495 3095 ancilla
521 3028 606 3107 iacta
626 3033 684 3105 est,
708 3033 740 3093 et
760 3026 875 3092 ancilla
895 3025 980 3094 faeta
1001 3024 1133 3107 peperit,
1186 3025 1279 3106 dispi-
1321 3107 1326 3116 .

153 3149 273 3215 ciamus
296 3153 402 3214 utrum
424 3146 504 3213 liber
526 3167 565 3212 an
588 3165 701 3240 seruus
724 3147 765 3211 sit
779 3145 882 3230 puer?
904 3150 937 3211 et
955 3145 1069 3227 probat
1085 3141 1277 3224 [Marcellus]
1297 3135 1332 3186 ²⁰
