3078 4882
702 412 933 476 -197-

259 605 322 666 tar.
376 597 426 664 siu
458 603 563 666 autem
597 602 698 666 mutar
737 604 822 664 asset
852 603 972 666 testata
1001 595 1052 663 uel
1088 595 1223 662 materni
1258 595 1383 679 generis

258 723 419 801 pauentes,
452 737 494 783 ne
519 718 659 799 cognme
693 719 820 802 quidem
854 720 895 785 ds
928 719 1081 786 bonorum
1115 721 1226 784 contra
1258 715 1383 782 tabulns

260 839 458 920 possessione
480 836 605 916 licebat,
628 843 736 904 contre
766 838 848 903 enim
878 837 1001 904 tabulas
1031 835 1170 904 feminini
1199 853 1292 902 sexus
1315 851 1383 918 par·

258 975 354 1024 sonac
377 958 556 1024 testamenti
578 959 730 1024 bonorum
753 957 908 1038 possessio
931 975 993 1023 non
1015 957 1118 1023 datur.
1156 956 1187 1020 in
1211 960 1383 1020 extremum

258 1075 355 1157 igitur
377 1075 551 1142 subsidium
572 1073 681 1141 liberis
704 1073 909 1162 querentibus
932 1075 1170 1157 dicentibusque
1192 1093 1262 1140 sese
1276 1073 1383 1140 imme
1417 1071 1434 1120 ⁵

257 1195 320 1260 rito
342 1194 511 1262 exheredes
533 1195 633 1260 laotos
660 1194 712 1261 uel
733 1196 922 1277 praeteritos
950 1213 1019 1261 esse
1034 1193 1187 1286 ⁴querella
1215 1194 1254 1260 de
1283 1192 1383 1260 inciti·

258 1315 343 1381 closo
364 1331 511 1380 concessa
543 1321 605 1392 est,
638 1313 732 1381 huius
762 1313 876 1378 coluris
909 1318 1075 1397 praetextu
1108 1331 1170 1380 nou
1199 1311 1297 1378 inisse
1330 1313 1383 1378 do·

257 1432 398 1498 iunctum
421 1451 516 1500 sanae
538 1434 662 1512 mentis,
684 1452 755 1500 curn
776 1436 1000 1500 testamentum
1024 1432 1193 1498 ordinaret.
1221 1431 1253 1496 id
1276 1437 1380 1498 autem
1405 1503 1406 1506 Ἴ

258 1549 410 1617 aliberis·
432 1551 564 1630 dicitur,
593 1570 654 1617 non
684 1553 774 1632 quasi
803 1571 880 1618 uere
909 1551 1046 1618 furiosus
1076 1551 1172 1618 merit
1201 1550 1380 1630 deiunctus;

258 1678 307 1737 set
329 1673 404 1754 quia
425 1672 494 1736 iure
516 1670 634 1737 iactum
657 1677 707 1736 est
728 1677 967 1745 testamentum,
997 1691 1058 1736 nun
1088 1669 1134 1736 ite
1161 1676 1265 1737 tamen
1287 1675 1382 1751 prout
1403 1677 1434 1729 ιο

257 1792 384 1874 pictatis
406 1792 552 1874 exigebat
573 1791 719 1858 officium.
761 1810 832 1857 nam
855 1791 881 1856 si
904 1810 1016 1858 reuera
1037 1790 1150 1856 fuisset
1170 1787 1318 1867 furiosus,
1342 1807 1381 1856 ne

257 1913 369 1976 testari
391 1911 517 1992 quidem
540 1913 703 1994 potuisset.
753 1930 809 1977 sen
837 1913 943 1993 potius
972 1911 1042 1977 ideo
1070 1911 1175 1977 iurene
1204 1910 1293 1975 uisus
1322 1914 1380 1988 est,

216 2049 240 2097 1.
259 2031 333 2112 quia
355 2035 498 2096 naturam
527 2032 595 2096 sine
617 2033 739 2096 ratione
766 2031 877 2098 oderit.
924 2035 951 2095 l.
986 2031 1096 2111 Neque
1122 2030 1230 2097 liberis
1259 2034 1380 2095 tantum

258 2149 450 2228 permittitur
471 2156 637 2230 pareutum
660 2155 881 2214 testamentum
905 2147 1110 2216 inofficiosum
1133 2167 1299 2227 decusare,
1330 2167 1382 2214 uc·

257 2285 327 2331 rum
350 2267 447 2333 etiam
468 2267 652 2350 perentibus
675 2265 749 2332 licet
769 2266 940 2332 liberorum
968 2269 1152 2349 impugnare
1180 2271 1381 2333 testamenta.
1403 2265 1433 2315 ¹⁵

257 2403 347 2451 soror
368 2392 472 2452 autern
495 2394 528 2452 et
548 2387 647 2453 irater
668 2389 745 2453 tunc
767 2386 891 2453 demum
908 2385 1047 2452 defuncti
1062 2391 1287 2453 testamentum
1309 2385 1382 2451 sub-

257 2511 383 2572 uerteut
403 2512 552 2589 tanquam
575 2506 700 2588 scriptis
722 2505 890 2573 heredibus
912 2506 1062 2588 praelati,
1085 2523 1155 2571 cnm
1178 2504 1232 2570 isti
1256 2511 1380 2587 turpem

256 2633 367 2707 gerant
388 2643 565 2709 personam,
587 2627 685 2693 ueluti
708 2628 881 2708 agitatores
897 2626 982 2691 mimi
997 2626 1133 2693 arcuarii
1155 2627 1272 2708 quique
1294 2623 1381 2689 adnl-
1411 2601 1413 2604 ⁵

257 2743 330 2810 terii
363 2744 493 2810 crimine
526 2746 666 2811 damnati
706 2752 790 2811 sunt.
802 2746 828 2828 1)
883 2745 915 2811 id
954 2746 1040 2811 enim
1078 2744 1234 2810 diualibns
1268 2744 1381 2809 consti·

256 2863 430 2930 tutioribus
466 2871 606 2932 cauetur.
665 2867 771 2946 itaque
806 2870 953 2947 parentes
995 2870 1027 2930 et
1063 2863 1172 2943 liberi,
1209 2863 1271 2928 nisi
1306 2881 1381 2945 erga
1400 2858 1434 2908 20

256 2982 436 3048 defunctum
470 2983 610 3065 ingratos
647 3001 716 3048 sese
749 2983 964 3061 ostenderint,
1009 2987 1119 3048 contra
1151 2999 1273 3048 omnem
1306 2981 1381 3047 sori·

255 3106 344 3191 ptum
377 3101 522 3167 heredem
554 3100 725 3182 querellam
758 3109 852 3183 agent
881 3103 919 3168 de
950 3101 1137 3185 inofficioso;
1174 3100 1273 3167 irater
1305 3117 1381 3166 nero

256 3237 409 3299 sororque
440 3226 549 3285 contra
582 3226 691 3301 turpes
718 3227 842 3286 tantum
868 3239 1028 3304 personas.
1081 3220 1164 3286 ultra
1190 3227 1295 3286 autem
1323 3218 1381 3284 fra·

256 3345 336 3404 trem
359 3355 539 3404 sororemue
561 3339 702 3421 cognatis
725 3339 829 3405 nullus
851 3340 955 3406 aditus
978 3340 1018 3404 ad
1041 3338 1195 3404 eiusmodi
1209 3337 1379 3420 querellam

211 3489 237 3539 2¹
257 3462 344 3536 patet
366 3464 416 3522 set
437 3462 566 3537 agentes
589 3457 868 3524 submouebuntur.
913 3459 944 3522 2.
976 3458 1083 3523 biberi
1111 3463 1217 3523 autem
1240 3464 1304 3522 tam
1327 3475 1380 3523 ua·
1398 3461 1432 3512 25

255 3573 374 3640 turales
401 3593 495 3657 quarn
525 3577 666 3655 adoptiui
696 3585 791 3658 agent
825 3577 864 3642 de
891 3575 1062 3642 inofficioso
1095 3578 1266 3642 secundum
1300 3593 1380 3658 quae

255 3693 405 3774 principis
428 3694 527 3760 nostri
551 3693 775 3762 constitutione
797 3701 959 3761 canentur.
997 3701 1072 3762 tunc
1094 3715 1171 3761 uero
1194 3695 1317 3760 demum
1341 3693 1380 3761 de

269 3849 280 3872 ι
325 3895 348 3958 ¹)
368 3893 411 3948 lta
429 3909 493 3949 sane
510 3895 556 3949 lex
573 3893 775 3966 Syro-Romana
792 3897 863 3951 uult:
884 3896 964 3952 aliter
981 3897 1065 3953 intell.
1083 3897 1114 3953 F.
