3038 4884
713 389 925 453 ...32-

254 577 305 640 καί
325 575 429 662 τούτιρ
449 584 498 662 τῷ
515 575 624 660 τρόπῳ
646 575 805 661 συμβῆναι
825 579 889 638 τῶν
911 575 1032 638 οἰκείων
1059 573 1177 657 γονέων
1205 573 1287 658 μετὰ
1315 577 1379 638 τῶν

256 678 358 742 τίλλων
387 679 579 762 πραγμάτων
608 677 763 764 δεσπότην
789 677 882 742 αὔτδν
891 679 916 758 ¹)
938 676 1098 761 γενέσθαι.
1147 675 1214 740 εἷτα
1234 679 1279 763 μή
1300 678 1379 758 βου-

255 780 388 864 λύμενας
408 781 426 842 b
449 782 520 853 παῖς
542 781 575 842 ἐν
597 778 725 866 δουλείᾳ
745 781 821 856 τοὺς
841 778 1005 863 φύσαντας
1026 780 1120 843 αύτδν
1150 781 1227 865 ὁρᾶν
1255 779 1382 862 ὑβριζο-

253 881 402 964 μένους’)
425 880 629 971 ἠλευθέρωσε
652 883 782 957 τούτους
811 881 844 944 ὲν
874 881 1058 968 (τουείλίῳῑ).
1101 879 1231 962 εὔλογύς
1259 881 1343 946 ἐστιν
1351 882 1377 962 ⁴)

221 983 337 1054 δαίτία
357 987 465 1050 καὶτὸ
487 985 582 1050 εἰπεῖν
604 987 670 1063 υίύς
693 1011 755 1071 μου
785 985 852 1049 ἐστὶ
880 989 1029 1069 φυσικὸς,
1057 985 1200 1072 θυγάτηρ
1228 983 1290 1067 μού
1313 985 1378 1048 ἐστι
1508 1005 1509 1042 ;

257 1087 380 1174 φυσική.
423 1087 593 1168 θεμάτισον
615 1089 676 1171 γὰρ
697 1090 745 1151 ὅτι
766 1087 917 1172 ἐρασθείς
937 1111 984 1164 τις
1011 1093 1069 1174 τής
1091 1087 1202 1160 οἰκείας
1224 1085 1376 1168 θεραπαί·

256 1211 311 1276 νης
332 1185 420 1277 έσγεν
442 1188 481 1262 ἐξ
500 1189 597 1276 αὐτῆς
618 1190 683 1253 υίὸν
704 1188 724 1275 ἠ
747 1188 910 1271 θυγατέρα
930 1192 983 1253 καί
1005 1189 1119 1264 δοῦλος
1144 1187 1183 1276 ἠν
1210 1191 1247 1252 τὸ
1268 1185 1380 1274 τεχθὲν

255 1292 300 1366 ῶς
321 1291 357 1355 ἐκ
378 1291 493 1379 δούλης
513 1295 652 1377 γαστρὸς
673 1291 839 1377 προελθόν.
877 1295 926 1356 καὶ
948 1295 1036 1356 πάλιν
1058 1295 1095 1355 τι)
1121 1292 1218 1356 εἰπεῖν
1239 1289 1381 1374 ἀδελφάς
1508 1303 1509 1322 i

253 1393 315 1480 μού
337 1393 404 1458 ἐστι
425 1395 596 1481 φυσικὸς-1),
619 1393 742 1482 δδέλφή
769 1395 832 1477 μού
861 1395 928 1458 ἐστι
956 1397 1082 1482 φυσική.
1126 1393 1234 1478 ἐπειδὴ
1266 1393 1327 1476 γὰρ
1360 1393 1378 1454 ὁ
1508 1403 1509 1442 ss

206 1503 239 1556 lo
256 1497 333 1582 ἐμός
354 1498 457 1582 πατήρ
479 1495 541 1583 λδίᾳ
549 1497 575 1577 ⁶)
603 1496 700 1582 δούλη
726 1499 826 1581 μιγεὶς
847 1495 921 1585 ἔαγε
949 1499 1064 1572 παῖδας
1084 1496 1142 1573 οὓς
1168 1497 1224 1560 οὔκ
1251 1494 1380 1584 ἠλευθέ-

252 1621 378 1684 ρωσεν·
400 1598 519 1662 ἐκείνου
542 1596 578 1660 δὲ
599 1599 843 1685 τελευτήσαντυς
864 1598 920 1682 ἐμὲ
942 1599 1065 1663 τούτων
1087 1601 1104 1663 ὁ
1136 1600 1231 1685 νύμος
1252 1599 1378 1686 ἐποίησε

256 1701 423 1786 δεσπύτην’
454 1701 518 1782 ἐγὼ
545 1701 676 1777 τούτους
704 1702 755 1765 διὰ
780 1701 836 1790 τήν
866 1704 997 1789 φυσικήν
1035 1703 1242 1790 ἠλευθέρωσα
1271 1699 1379 1783 συγγέ-
1508 1685 1509 1766 λ

256 1827 350 1868 νειαν.
394 1801 523 1885 εὔλογος
545 1803 624 1866 αίτία
652 1804 719 1867 ἐστὶ
747 1807 795 1868 καί
820 1807 857 1868 τὸ
887 1805 983 1869 εἰπεῖν
1012 1797 1059 1870 ὅτι
1089 1805 1290 1887 παιδαγωγός
1316 1804 1378 1886 μού

255 1907 338 1969 ἐστιν
359 1906 380 1993 ἠ
401 1908 523 1990 τροφὸς
543 1905 563 1992 ἠ
584 1906 724 1991 τροφεύς
746 1905 766 1992 ἠ
787 1905 934 1971 ύλαωοοε
959 1906 979 1994 ἠ
1007 1906 1183 1990 allimna⁷)‚
1212 1910 1248 1971 τὸ
1277 1907 1310 1971 ἐν
1340 1909 1381 1992 τῇ
1508 1917 1509 1920 ’

207 2030 239 2081 15
258 2007 411 2095 συνηθείᾳ
434 2008 616 2092 λεγόμενον,
645 2007 885 2085 ωλλεαίύυυοεθ)
912 2010 1071 2074 τουτέστιν
1100 2011 1329 2092 ὁμογάλακτας,
1358 2007 1379 2095 ἠ

255 2111 375 2198 οἰκέτην
390 2109 605 2194 ἐλευθερῶσαι
618 2111 773 2193 βούλομαι
787 2112 1005 2193 promratoris
1017 2111 1043 2196 9)
1058 2111 1199 2176 habendi
1212 2112 1377 2195 gratiam),

255 2215 304 2280 ἐπὶ
325 2217 373 2301 τῷ
394 2215 441 2291 ὡς
461 2213 631 2297 ἐλεύθερον
653 2215 746 2278 αὐτὸν
770 2213 845 2277 ὄντα
867 2215 1036 2290 ἀκωλύτως
1057 2216 1159 2278 πάντα
1177 2238 1233 2298 μοι
1255 2214 1379 2278 διοικεῖν

255 2319 294 2383 τὰ
321 2319 497 2403 πράγματα.
548 2315 568 2402 ἠ
595 2317 691 2396 earu)
717 2315 913 2399 θεράπαιναν
944 2315 1153 2403 ἠλευθέρωσα
1180 2316 1377 2381 matrimonii

255 2420 409 2502 causan),
431 2419 589 2483 τουτέστιν
612 2419 661 2482 ἐπί
680 2421 729 2502 τῷ
750 2418 857 2500 λαβεῖν
880 2419 975 2504 οὔτ-ἠν
997 2421 1142 2506 γαμετήν.
1187 2417 1295 2502 ἐπειδὴ
1318 2417 1379 2500 γὰρ
1508 2423 1509 2492 )

204 2539 238 2592 2⁰
253 2524 371 2610 μεταξὺ
395 2522 567 2607 ἐλευθέρου
590 2525 639 2585 καί
661 2521 774 2608 δούλης
795 2520 832 2584 οὔ
853 2520 1078 2603 συνίσταταιθ)
1107 2522 1221 2603 γάμος,
1250 2517 1379 2608 ἠλευθέ-
1508 2549 1509 2606 γ

252 2650 346 2710 ρωσα
368 2626 462 2712 αύτήν
485 2624 536 2688 διὰ
556 2628 659 2689 τοῦτο.
681 2626 735 2687 τὸν
758 2623 794 2686 δὲ
815 2621 1045 2706 ἐλευθεροῦντα
1061 2620 1258 2687 matrimonii
1279 2641 1379 2687 causa
1508 2687 1509 2718 η

255 2728 331 2793 εἴσω
354 2729 393 2801 ἓξ
409 2733 518 2816 μηνῶν
541 2727 593 2791 δεῖ
610 2727 725 2814 ταύτην
746 2724 880 2808 ἄγεσθαι
891 2724 928 2807 ¹⁴)
956 2727 1100 2807 γυναῖκα,
1128 2725 1156 2788 εἰ
1181 2715 1380 2810 μήἐῦλογος
1508 2719 1509 2768 ἶ

255 2830 336 2894 αίτία
359 2830 497 2918 κωλύοη·
519 2829 594 2894 οἷον
617 2831 724 2916 ἐπειδὴ
747 2830 944 2916 συγκλητικὸς
958 2829 1085 2911 γέγονεν
1100 2831 1118 2892 ύ
1134 2828 1378 2912 ἐλευθερώσας·
1508 2865 1509 2908 ;

255 2934 273 2996 δ
295 2932 356 3016 γὰρ
378 2934 574 3018 συγκλητικὸς
594 2931 812 3018 ἀπελευθέραν
834 2934 943 3013 γαμεῖν
967 2931 1003 2994 οὔ
1026 2929 1165 2994 δύναται.
1188 2932 1238 2995 καὶ
1259 2931 1381 2994 ύὲλεο-
1508 2983 1509 2988 ,

204 3042 238 3094 25
255 3033 452 3118 θερούμενος
485 3034 522 3097 δὲ
551 3035 770 3118 procuratoris
801 3033 942 3100 habendi
975 3034 1081 3116 gratia
1114 3034 1232 3119 ὀφείλει
1262 3034 1379 3118 μείζων

256 3136 416 3200 εἶναιτῶν
439 3136 514 3200 δέκα
537 3139 586 3201 καί
613 3138 691 3201 ἑπτὰ
719 3137 877 3201 ἐνιαυτῶν.
908 3139 938 3200 6.
954 3133 1052 3209 Ἅπαξ
1071 3137 1107 3200 δὲ
1129 3137 1184 3200 ἐὰν
1206 3137 1226 3223 ἠ
1249 3134 1378 3219 εὔλογος
1394 3147 1421 3198 6.

255 3239 338 3304 αλτία
367 3240 400 3302 ἐν
427 3239 568 3326 oonsilio
596 3239 709 3327 λεχθῇ,
737 3237 799 3302 εἴτε
821 3237 943 3327 δληθής
973 3238 1055 3302 ἐστιν
1085 3237 1147 3301 εἴτε
1175 3238 1296 3324 ᾠευθής
1324 3239 1381 3304 οὔκ

324 3512 347 3580 1)
365 3511 458 3562 αὐτῶν
477 3511 507 3565 Ρ.
647 3511 671 3576 1)
688 3511 753 3580 δβρ.
771 3512 814 3578 ύρ.
832 3511 867 3565 F.
1007 3511 1031 3579 ³)
1049 3511 1111 3581 ἠτοι
1128 3511 1157 3562 ἐν
1176 3511 1311 3580 συνεδρίῳ
1328 3510 1377 3564 Ῑι1.

255 3598 279 3658 1)
296 3597 314 3665 ἡ
332 3595 392 3649 odd.
410 3596 440 3651 P.
543 3599 567 3664 1)
583 3598 628 3649 καί
646 3595 708 3651 edd.
725 3599 755 3652 P.
773 3597 805 3650 F.
823 3597 857 3651 R.
980 3599 1003 3666 6)
1024 3597 1107 3668 οἰκείᾳ
1124 3597 1156 3652 Β.
1279 3596 1301 3662 7)
1318 3594 1379 3665 ἤτοι

255 3682 426 3750 δρεπτδς--
444 3682 570 3734 τουτέστι
587 3683 697 3753 θρεπτή
716 3681 777 3736 edd.
795 3683 825 3736 P.
843 3684 860 3752 ἠ
879 3697 931 3737 om.
949 3683 981 3736 P.
1000 3682 1032 3736 F.
1158 3679 1379 3750 1)(τολλεοίέτιθοε

255 3766 771 3834 Ιοῑ.1ι1.οο11οιιεο.1ι“.ωαυρεπτὸς
793 3768 810 3836 ἠ
837 3767 1001 3836 ἀναύρεπτή
1019 3767 1052 3821 R.
1093 3767 1165 3820 Anto
1190 3780 1250 3820 uoo.
1273 3764 1379 3820 collect.

254 3854 284 3906 in
305 3851 364 3907 eod.
387 3853 468 3921 peris,
490 3853 640 3907 recentiore
657 3853 758 3920 legitur
780 3853 934 3921 διλιγέντιον
960 3858 991 3906 ut
1013 3852 1044 3907 F.
1063 3858 1192 3911 testetur:
1213 3853 1242 3906 in
1260 3851 1310 3906 Ll.
1328 3851 1379 3904 12².

256 3937 376 3992 diliomfl
400 3938 470 4007 (sio).
583 3937 606 4004 ⁹)
624 3937 683 4007 ἤτοι
700 3938 866 4007 φροντιστὴν
884 3942 912 3990 P.
1035 3939 1071 4005 1⁰)
1088 3936 1151 4007 ἤτοι
1169 3937 1240 4008 ἔχειν
1267 3935 1332 3990 ένεα
1350 3937 1380 3990 P.

255 4021 314 4093 ἠτυι
334 4022 481 4091 φροντίδας
504 4021 575 4092 ἔχειν
592 4022 676 4092 χάριν
695 4025 734 4077 sio
751 4021 800 4075 11².
966 4025 1003 4090 11)
1020 4023 1046 4077 d.
1064 4023 1097 4078 R.
1266 4021 1302 4091 11)
1319 4019 1381 4090 ἠτοι

257 4106 435 4172 συμβιώσεως
451 4107 524 4178 αἰτίᾳ
540 4105 571 4160 Ρ.
675 4107 710 4173 1³)
727 4125 794 4158 -το
811 4109 842 4161 Ρ.
944 4109 982 4174 14)
1000 4108 1152 4176 ἀγαγέσθαι
1170 4107 1200 4162 Ρ.
