<?xml version="1.0" encoding="UTF-8"?>
<!DOCTYPE html PUBLIC "-//W3C//DTD XHTML 1.0 Transitional//EN"
    "http://www.w3.org/TR/xhtml1/DTD/xhtml1-transitional.dtd">
<html xmlns="http://www.w3.org/1999/xhtml" xml:lang="en" lang="en">
 <head>
  <title>
</title>
<meta http-equiv="Content-Type" content="text/html;charset=utf-8" />
  <meta name='ocr-system' content='tesseract 3.04.00' />
  <meta name='ocr-capabilities' content='ocr_page ocr_carea ocr_par ocr_line ocrx_word'/>
</head>
<body>
  <div class='ocr_page' id='page_1' title='image "./institutionumgr00linggoog_0521.png"; bbox 0 0 3058 4890; ppageno 0'>
   <div class='ocr_carea' id='block_1_1' title="bbox 620 440 853 506">
    <p class='ocr_par' dir='ltr' id='par_1_1' title="bbox 620 440 853 506">
     <span class='ocr_line' id='line_1_1' title="bbox 620 440 853 506; baseline 0 -16"><span class='ocrx_word' id='word_1_1' title='bbox 620 440 853 506; x_wconf 78' lang='lat'>...244-</span> 
     </span>
    </p>
   </div>
   <div class='ocr_carea' id='block_1_2' title="bbox 129 625 1344 3720">
    <p class='ocr_par' dir='ltr' id='par_1_2' title="bbox 129 625 1344 3720">
     <span class='ocr_line' id='line_1_2' title="bbox 173 625 1291 714; baseline -0.001 -19"><span class='ocrx_word' id='word_1_2' title='bbox 173 645 249 695; x_wconf 93' lang='lat' dir='ltr'><strong>nnm</strong></span> <span class='ocrx_word' id='word_1_3' title='bbox 270 647 347 696; x_wconf 90' lang='lat' dir='ltr'><strong>neno</strong></span> <span class='ocrx_word' id='word_1_4' title='bbox 368 628 507 697; x_wconf 88' lang='lat' dir='ltr'><strong>actiones</strong></span> <span class='ocrx_word' id='word_1_5' title='bbox 537 628 697 696; x_wconf 74' lang='lat' dir='ltr'><strong>transfert.</strong></span> <span class='ocrx_word' id='word_1_6' title='bbox 747 634 886 698; x_wconf 89' lang='lat' dir='ltr'><strong>ceterum</strong></span> <span class='ocrx_word' id='word_1_7' title='bbox 914 626 1007 695; x_wconf 88' lang='lat' dir='ltr'><strong>nullis</strong></span> <span class='ocrx_word' id='word_1_8' title='bbox 1036 625 1291 714; x_wconf 76' lang='lat' dir='ltr'><strong>stipulationibus</strong></span> 
     </span>
     <span class='ocr_line' id='line_1_3' title="bbox 172 747 1293 833; baseline -0.004 -16"><span class='ocrx_word' id='word_1_9' title='bbox 172 767 252 833; x_wconf 90' lang='lat' dir='ltr'><strong>opus</strong></span> <span class='ocrx_word' id='word_1_10' title='bbox 273 748 350 832; x_wconf 80' lang='lat' dir='ltr'><strong>erit3</strong></span> <span class='ocrx_word' id='word_1_11' title='bbox 373 768 444 817; x_wconf 88' lang='lat' dir='ltr'><strong>uam</strong></span> <span class='ocrx_word' id='word_1_12' title='bbox 467 750 505 831; x_wconf 91' lang='lat' dir='ltr'><strong>ei,</strong></span> <span class='ocrx_word' id='word_1_13' title='bbox 528 751 581 833; x_wconf 90' lang='lat' dir='ltr'><strong>qni</strong></span> <span class='ocrx_word' id='word_1_14' title='bbox 603 749 808 816; x_wconf 73' lang='lat' dir='ltr'><strong>hereditatem</strong></span> <span class='ocrx_word' id='word_1_15' title='bbox 835 749 990 829; x_wconf 80' lang='lat' dir='ltr'><strong>restituit,</strong></span> <span class='ocrx_word' id='word_1_16' title='bbox 1019 748 1173 816; x_wconf 82' lang='lat' dir='ltr'><strong>securitas</strong></span> <span class='ocrx_word' id='word_1_17' title='bbox 1199 747 1293 813; x_wconf 90' lang='lat' dir='ltr'><strong>datur</strong></span> 
     </span>
     <span class='ocr_line' id='line_1_4' title="bbox 172 867 1294 953; baseline -0.003 -17"><span class='ocrx_word' id='word_1_18' title='bbox 172 885 243 936; x_wconf 86' lang='lat' dir='ltr'><strong>cnm</strong></span> <span class='ocrx_word' id='word_1_19' title='bbox 265 887 424 953; x_wconf 91' lang='lat' dir='ltr'><strong>nunquam</strong></span> <span class='ocrx_word' id='word_1_20' title='bbox 446 867 666 951; x_wconf 65' lang='lat' dir='ltr'><strong>commentatum</strong></span> <span class='ocrx_word' id='word_1_21' title='bbox 688 875 720 936; x_wconf 91' lang='lat' dir='ltr'><strong>et</strong></span> <span class='ocrx_word' id='word_1_22' title='bbox 741 871 779 949; x_wconf 89' lang='lat' dir='ltr'><strong>is,</strong></span> <span class='ocrx_word' id='word_1_23' title='bbox 801 869 852 938; x_wconf 92' lang='lat' dir='ltr'><strong>cui</strong></span> <span class='ocrx_word' id='word_1_24' title='bbox 874 869 1066 950; x_wconf 84' lang='lat' dir='ltr'><strong>restituitur,</strong></span> <span class='ocrx_word' id='word_1_25' title='bbox 1087 871 1119 934; x_wconf 94' lang='lat' dir='ltr'><strong>in</strong></span> <span class='ocrx_word' id='word_1_26' title='bbox 1149 873 1217 934; x_wconf 90' lang='lat' dir='ltr'><strong>tuto</strong></span> <span class='ocrx_word' id='word_1_27' title='bbox 1245 872 1294 933; x_wconf 90' lang='lat' dir='ltr'><strong>est</strong></span> 
     </span>
     <span class='ocr_line' id='line_1_5' title="bbox 129 985 1293 1072; baseline -0.003 -17"><span class='ocrx_word' id='word_1_28' title='bbox 129 985 156 1042; x_wconf 80' lang='lat'><strong>⁷·</strong></span> <span class='ocrx_word' id='word_1_29' title='bbox 173 990 282 1072; x_wconf 89' lang='lat' dir='ltr'><strong>utpote</strong></span> <span class='ocrx_word' id='word_1_30' title='bbox 303 987 359 1072; x_wconf 91' lang='lat' dir='ltr'><strong>qul</strong></span> <span class='ocrx_word' id='word_1_31' title='bbox 381 1007 488 1055; x_wconf 92' lang='lat' dir='ltr'><strong>omnes</strong></span> <span class='ocrx_word' id='word_1_32' title='bbox 517 987 578 1057; x_wconf 91' lang='lat' dir='ltr'><strong>sibi</strong></span> <span class='ocrx_word' id='word_1_33' title='bbox 604 990 720 1057; x_wconf 89' lang='lat' dir='ltr'><strong>babeat</strong></span> <span class='ocrx_word' id='word_1_34' title='bbox 746 989 895 1057; x_wconf 80' lang='lat' dir='ltr'><strong>actiones.</strong></span> <span class='ocrx_word' id='word_1_35' title='bbox 941 991 971 1054; x_wconf 80' lang='lat' dir='ltr'><strong>t.</strong></span> <span class='ocrx_word' id='word_1_36' title='bbox 1004 988 1061 1055; x_wconf 85' lang='lat' dir='ltr'><strong>Set</strong></span> <span class='ocrx_word' id='word_1_37' title='bbox 1093 990 1167 1072; x_wconf 92' lang='lat' dir='ltr'><strong>quia</strong></span> <span class='ocrx_word' id='word_1_38' title='bbox 1195 989 1293 1070; x_wconf 89' lang='lat' dir='ltr'><strong>stipu-</strong></span> 
     </span>
     <span class='ocr_line' id='line_1_6' title="bbox 170 1106 1344 1202; baseline 0 -29"><span class='ocrx_word' id='word_1_39' title='bbox 170 1108 304 1202; x_wconf 90' lang='lat' dir='ltr'><strong>lationes</strong></span> <span class='ocrx_word' id='word_1_40' title='bbox 326 1127 364 1175; x_wconf 83' lang='lat' dir='ltr'><strong>ex</strong></span> <span class='ocrx_word' id='word_1_41' title='bbox 386 1116 514 1176; x_wconf 92' lang='lat' dir='ltr'><strong>senatus</strong></span> <span class='ocrx_word' id='word_1_42' title='bbox 537 1109 679 1177; x_wconf 90' lang='lat' dir='ltr'><strong>consulto</strong></span> <span class='ocrx_word' id='word_1_43' title='bbox 705 1109 874 1192; x_wconf 84' lang='lat' dir='ltr'><strong>pegasiano</strong></span> <span class='ocrx_word' id='word_1_44' title='bbox 905 1109 1142 1188; x_wconf 83' lang='lat' dir='ltr'><strong>descendentes,</strong></span> <span class='ocrx_word' id='word_1_45' title='bbox 1171 1115 1204 1174; x_wconf 89' lang='lat' dir='ltr'><strong>et</strong></span> <span class='ocrx_word' id='word_1_46' title='bbox 1231 1106 1292 1190; x_wconf 89' lang='lat' dir='ltr'><strong>ipsi</strong></span> <span class='ocrx_word' id='word_1_47' title='bbox 1326 1107 1344 1159; x_wconf 71' lang='grc' dir='ltr'><strong>ὅ</strong></span> 
     </span>
     <span class='ocr_line' id='line_1_7' title="bbox 171 1227 1294 1314; baseline 0 -20"><span class='ocrx_word' id='word_1_48' title='bbox 171 1227 352 1312; x_wconf 77' lang='lat' dir='ltr'><strong>antiquitati</strong></span> <span class='ocrx_word' id='word_1_49' title='bbox 385 1228 611 1310; x_wconf 87' lang='lat' dir='ltr'><strong>displicuerunt</strong></span> <span class='ocrx_word' id='word_1_50' title='bbox 637 1238 669 1296; x_wconf 91' lang='lat' dir='ltr'><strong>et</strong></span> <span class='ocrx_word' id='word_1_51' title='bbox 696 1230 884 1314; x_wconf 88' lang='lat' dir='ltr'><strong>quibusdam</strong></span> <span class='ocrx_word' id='word_1_52' title='bbox 907 1230 1031 1297; x_wconf 88' lang='lat' dir='ltr'><strong>casibus</strong></span> <span class='ocrx_word' id='word_1_53' title='bbox 1060 1228 1294 1294; x_wconf 89' lang='lat' dir='ltr'><strong>iurisconsulto-</strong></span> 
     </span>
     <span class='ocr_line' id='line_1_8' title="bbox 171 1345 1293 1431; baseline -0.003 -13"><span class='ocrx_word' id='word_1_54' title='bbox 171 1363 240 1418; x_wconf 75' lang='lat' dir='ltr'><strong>uim</strong></span> <span class='ocrx_word' id='word_1_55' title='bbox 262 1345 406 1429; x_wconf 88' lang='lat' dir='ltr'><strong>princeps</strong></span> <span class='ocrx_word' id='word_1_56' title='bbox 427 1345 619 1430; x_wconf 84' lang='lat' dir='ltr'><strong>Papinianus</strong></span> <span class='ocrx_word' id='word_1_57' title='bbox 641 1367 695 1416; x_wconf 86' lang='lat' dir='ltr'><strong>eas</strong></span> <span class='ocrx_word' id='word_1_58' title='bbox 718 1349 883 1417; x_wconf 90' lang='lat' dir='ltr'><strong>damnosas</strong></span> <span class='ocrx_word' id='word_1_59' title='bbox 905 1347 1083 1431; x_wconf 87' lang='lat' dir='ltr'><strong>appellabat</strong></span> <span class='ocrx_word' id='word_1_60' title='bbox 1104 1355 1136 1413; x_wconf 88' lang='lat' dir='ltr'><strong>et</strong></span> <span class='ocrx_word' id='word_1_61' title='bbox 1162 1349 1293 1416; x_wconf 90' lang='lat' dir='ltr'><strong>sanctis·</strong></span> 
     </span>
     <span class='ocr_line' id='line_1_9' title="bbox 171 1465 1292 1553; baseline 0.002 -21"><span class='ocrx_word' id='word_1_62' title='bbox 171 1465 251 1534; x_wconf 86' lang='lat' dir='ltr'><strong>sime</strong></span> <span class='ocrx_word' id='word_1_63' title='bbox 273 1469 407 1553; x_wconf 85' lang='lat' dir='ltr'><strong>principi</strong></span> <span class='ocrx_word' id='word_1_64' title='bbox 429 1477 536 1537; x_wconf 89' lang='lat' dir='ltr'><strong>nostro</strong></span> <span class='ocrx_word' id='word_1_65' title='bbox 558 1489 653 1536; x_wconf 90' lang='lat' dir='ltr'><strong>curae</strong></span> <span class='ocrx_word' id='word_1_66' title='bbox 675 1477 723 1536; x_wconf 89' lang='lat' dir='ltr'><strong>est</strong></span> <span class='ocrx_word' id='word_1_67' title='bbox 745 1478 781 1534; x_wconf 91' lang='lat' dir='ltr'><strong>ut</strong></span> <span class='ocrx_word' id='word_1_68' title='bbox 803 1468 959 1550; x_wconf 82' lang='lat' dir='ltr'><strong>simplices</strong></span> <span class='ocrx_word' id='word_1_69' title='bbox 982 1469 1081 1550; x_wconf 86' lang='lat' dir='ltr'><strong>magis</strong></span> <span class='ocrx_word' id='word_1_70' title='bbox 1104 1486 1196 1550; x_wconf 94' lang='lat' dir='ltr'><strong>quam</strong></span> <span class='ocrx_word' id='word_1_71' title='bbox 1212 1466 1292 1534; x_wconf 88' lang='lat' dir='ltr'><strong>diffi-</strong></span> 
     </span>
     <span class='ocr_line' id='line_1_10' title="bbox 171 1585 1291 1672; baseline 0 -18"><span class='ocrx_word' id='word_1_72' title='bbox 171 1585 299 1655; x_wconf 87' lang='lat' dir='ltr'><strong>cultatls</strong></span> <span class='ocrx_word' id='word_1_73' title='bbox 327 1588 438 1672; x_wconf 87' lang='lat' dir='ltr'><strong>plenae</strong></span> <span class='ocrx_word' id='word_1_74' title='bbox 466 1588 551 1670; x_wconf 87' lang='lat' dir='ltr'><strong>leges</strong></span> <span class='ocrx_word' id='word_1_75' title='bbox 580 1588 659 1667; x_wconf 86' lang='lat' dir='ltr'><strong>sint,</strong></span> <span class='ocrx_word' id='word_1_76' title='bbox 689 1588 946 1655; x_wconf 89' lang='lat' dir='ltr'><strong>similitudinibus</strong></span> <span class='ocrx_word' id='word_1_77' title='bbox 973 1589 1064 1654; x_wconf 91' lang='lat' dir='ltr'><strong>simul</strong></span> <span class='ocrx_word' id='word_1_78' title='bbox 1094 1595 1127 1654; x_wconf 91' lang='lat' dir='ltr'><strong>et</strong></span> <span class='ocrx_word' id='word_1_79' title='bbox 1148 1587 1291 1654; x_wconf 85' lang='lat' dir='ltr'><strong>differen-</strong></span> 
     </span>
     <span class='ocr_line' id='line_1_11' title="bbox 173 1707 1343 1794; baseline 0.001 -20"><span class='ocrx_word' id='word_1_80' title='bbox 173 1707 225 1774; x_wconf 92' lang='lat' dir='ltr'><strong>tiis</strong></span> <span class='ocrx_word' id='word_1_81' title='bbox 255 1711 419 1794; x_wconf 89' lang='lat' dir='ltr'><strong>utriusqne</strong></span> <span class='ocrx_word' id='word_1_82' title='bbox 448 1709 712 1776; x_wconf 87' lang='lat' dir='ltr'><strong>senatusconsulti</strong></span> <span class='ocrx_word' id='word_1_83' title='bbox 739 1709 767 1775; x_wconf 90' lang='lat' dir='ltr'><strong>ei</strong></span> <span class='ocrx_word' id='word_1_84' title='bbox 786 1709 971 1792; x_wconf 83' lang='lat' dir='ltr'><strong>suggestis,</strong></span> <span class='ocrx_word' id='word_1_85' title='bbox 998 1707 1134 1790; x_wconf 88' lang='lat' dir='ltr'><strong>placuit,</strong></span> <span class='ocrx_word' id='word_1_86' title='bbox 1165 1709 1291 1790; x_wconf 87' lang='lat' dir='ltr'><strong>exploso</strong></span> <span class='ocrx_word' id='word_1_87' title='bbox 1312 1713 1343 1767; x_wconf 87' lang='lat'><strong>1⁰</strong></span> 
     </span>
     <span class='ocr_line' id='line_1_12' title="bbox 169 1825 1291 1913; baseline -0.003 -17"><span class='ocrx_word' id='word_1_88' title='bbox 169 1825 442 1896; x_wconf 88' lang='lat' dir='ltr'><strong>senatusconsulto</strong></span> <span class='ocrx_word' id='word_1_89' title='bbox 475 1831 644 1913; x_wconf 87' lang='lat' dir='ltr'><strong>pegasiano</strong></span> <span class='ocrx_word' id='word_1_90' title='bbox 681 1831 795 1912; x_wconf 85' lang='lat' dir='ltr'><strong>quippe</strong></span> <span class='ocrx_word' id='word_1_91' title='bbox 832 1827 917 1911; x_wconf 91' lang='lat' dir='ltr'><strong>quod</strong></span> <span class='ocrx_word' id='word_1_92' title='bbox 948 1829 1049 1896; x_wconf 89' lang='lat' dir='ltr'><strong>serlus</strong></span> <span class='ocrx_word' id='word_1_93' title='bbox 1080 1829 1291 1896; x_wconf 90' lang='lat' dir='ltr'><strong>introductum</strong></span> 
     </span>
     <span class='ocr_line' id='line_1_13' title="bbox 169 1949 1289 2040; baseline 0.001 -24"><span class='ocrx_word' id='word_1_94' title='bbox 169 1949 221 2028; x_wconf 89' lang='lat' dir='ltr'><strong>sit,</strong></span> <span class='ocrx_word' id='word_1_95' title='bbox 243 1966 365 2016; x_wconf 91' lang='lat' dir='ltr'><strong>omnem</strong></span> <span class='ocrx_word' id='word_1_96' title='bbox 387 1949 606 2040; x_wconf 83' lang='lat' dir='ltr'><strong>auctoritatem</strong></span> <span class='ocrx_word' id='word_1_97' title='bbox 629 1949 813 2018; x_wconf 87' lang='lat' dir='ltr'><strong>trebelliano</strong></span> <span class='ocrx_word' id='word_1_98' title='bbox 833 1951 1104 2017; x_wconf 89' lang='lat' dir='ltr'><strong>senatusconsulto</strong></span> <span class='ocrx_word' id='word_1_99' title='bbox 1119 1956 1289 2032; x_wconf 87' lang='lat' dir='ltr'><strong>praestare,</strong></span> 
     </span>
     <span class='ocr_line' id='line_1_14' title="bbox 167 2067 1290 2149; baseline 0.005 -20"><span class='ocrx_word' id='word_1_100' title='bbox 167 2075 206 2135; x_wconf 88' lang='lat' dir='ltr'><strong>ut</strong></span> <span class='ocrx_word' id='word_1_101' title='bbox 226 2087 266 2134; x_wconf 83' lang='lat' dir='ltr'><strong>er</strong></span> <span class='ocrx_word' id='word_1_102' title='bbox 287 2085 324 2136; x_wconf 88' lang='lat' dir='ltr'><strong>oo</strong></span> <span class='ocrx_word' id='word_1_103' title='bbox 351 2067 654 2137; x_wconf 85' lang='lat' dir='ltr'><strong>fideicommissariaa</strong></span> <span class='ocrx_word' id='word_1_104' title='bbox 675 2070 865 2138; x_wconf 86' lang='lat' dir='ltr'><strong>hereditates</strong></span> <span class='ocrx_word' id='word_1_105' title='bbox 894 2071 1117 2149; x_wconf 86' lang='lat' dir='ltr'><strong>restituantur,</strong></span> <span class='ocrx_word' id='word_1_106' title='bbox 1146 2071 1213 2135; x_wconf 89' lang='lat' dir='ltr'><strong>sine</strong></span> <span class='ocrx_word' id='word_1_107' title='bbox 1235 2071 1290 2136; x_wconf 90' lang='lat' dir='ltr'><strong>ha·</strong></span> 
     </span>
     <span class='ocr_line' id='line_1_15' title="bbox 170 2189 1290 2272; baseline -0.002 -16"><span class='ocrx_word' id='word_1_108' title='bbox 170 2189 245 2256; x_wconf 87' lang='lat' dir='ltr'><strong>beat</strong></span> <span class='ocrx_word' id='word_1_109' title='bbox 267 2190 358 2257; x_wconf 83' lang='lat' dir='ltr'><strong>nares</strong></span> <span class='ocrx_word' id='word_1_110' title='bbox 379 2209 417 2256; x_wconf 84' lang='lat' dir='ltr'><strong>ex</strong></span> <span class='ocrx_word' id='word_1_111' title='bbox 438 2191 602 2258; x_wconf 87' lang='lat' dir='ltr'><strong>uoluntate</strong></span> <span class='ocrx_word' id='word_1_112' title='bbox 617 2190 779 2257; x_wconf 79' lang='lat' dir='ltr'><strong>testatoris</strong></span> <span class='ocrx_word' id='word_1_113' title='bbox 798 2191 1015 2271; x_wconf 88' lang='lat' dir='ltr'><strong>quadrantem,</strong></span> <span class='ocrx_word' id='word_1_114' title='bbox 1039 2193 1106 2255; x_wconf 90' lang='lat' dir='ltr'><strong>sine</strong></span> <span class='ocrx_word' id='word_1_115' title='bbox 1129 2191 1199 2272; x_wconf 91' lang='lat' dir='ltr'><strong>plus</strong></span> <span class='ocrx_word' id='word_1_116' title='bbox 1221 2191 1290 2256; x_wconf 89' lang='lat' dir='ltr'><strong>sine</strong></span> 
     </span>
     <span class='ocr_line' id='line_1_16' title="bbox 169 2309 1340 2398; baseline -0.001 -24"><span class='ocrx_word' id='word_1_117' title='bbox 169 2309 271 2376; x_wconf 89' lang='lat' dir='ltr'><strong>minus</strong></span> <span class='ocrx_word' id='word_1_118' title='bbox 292 2309 362 2376; x_wconf 87' lang='lat' dir='ltr'><strong>siue</strong></span> <span class='ocrx_word' id='word_1_119' title='bbox 383 2309 508 2398; x_wconf 87' lang='lat' dir='ltr'><strong>penitus</strong></span> <span class='ocrx_word' id='word_1_120' title='bbox 529 2310 615 2376; x_wconf 89' lang='lat' dir='ltr'><strong>nihil.</strong></span> <span class='ocrx_word' id='word_1_121' title='bbox 660 2311 805 2391; x_wconf 91' lang='lat' dir='ltr'><strong>quotiens</strong></span> <span class='ocrx_word' id='word_1_122' title='bbox 834 2315 937 2376; x_wconf 88' lang='lat' dir='ltr'><strong>autem</strong></span> <span class='ocrx_word' id='word_1_123' title='bbox 966 2316 1021 2375; x_wconf 89' lang='lat' dir='ltr'><strong>aut</strong></span> <span class='ocrx_word' id='word_1_124' title='bbox 1047 2317 1146 2375; x_wconf 90' lang='lat' dir='ltr'><strong>totam</strong></span> <span class='ocrx_word' id='word_1_125' title='bbox 1169 2311 1340 2376; x_wconf 80' lang='lat' dir='ltr'><strong>heredi-15</strong></span> 
     </span>
     <span class='ocr_line' id='line_1_17' title="bbox 169 2428 1289 2514; baseline 0.002 -19"><span class='ocrx_word' id='word_1_126' title='bbox 169 2434 266 2496; x_wconf 88' lang='lat' dir='ltr'><strong>tatem</strong></span> <span class='ocrx_word' id='word_1_127' title='bbox 295 2437 352 2496; x_wconf 90' lang='lat' dir='ltr'><strong>aut</strong></span> <span class='ocrx_word' id='word_1_128' title='bbox 383 2428 454 2513; x_wconf 91' lang='lat' dir='ltr'><strong>plns</strong></span> <span class='ocrx_word' id='word_1_129' title='bbox 486 2449 580 2514; x_wconf 92' lang='lat' dir='ltr'><strong>quam</strong></span> <span class='ocrx_word' id='word_1_130' title='bbox 614 2429 797 2496; x_wconf 89' lang='lat' dir='ltr'><strong>dodrantem</strong></span> <span class='ocrx_word' id='word_1_131' title='bbox 831 2431 965 2513; x_wconf 87' lang='lat' dir='ltr'><strong>scriptus</strong></span> <span class='ocrx_word' id='word_1_132' title='bbox 998 2431 1090 2496; x_wconf 90' lang='lat' dir='ltr'><strong>heres</strong></span> <span class='ocrx_word' id='word_1_133' title='bbox 1122 2431 1289 2497; x_wconf 88' lang='lat' dir='ltr'><strong>restituere</strong></span> 
     </span>
     <span class='ocr_line' id='line_1_18' title="bbox 168 2548 1288 2646; baseline 0.001 -30"><span class='ocrx_word' id='word_1_134' title='bbox 168 2556 297 2632; x_wconf 81' lang='lat' dir='ltr'><strong>rogatus</strong></span> <span class='ocrx_word' id='word_1_135' title='bbox 310 2548 369 2646; x_wconf 72' lang='lat' dir='ltr'><strong>¹sit,</strong></span> <span class='ocrx_word' id='word_1_136' title='bbox 392 2548 487 2616; x_wconf 90' lang='lat' dir='ltr'><strong>liceat</strong></span> <span class='ocrx_word' id='word_1_137' title='bbox 508 2550 537 2614; x_wconf 90' lang='lat' dir='ltr'><strong>ei</strong></span> <span class='ocrx_word' id='word_1_138' title='bbox 560 2548 610 2615; x_wconf 91' lang='lat' dir='ltr'><strong>uel</strong></span> <span class='ocrx_word' id='word_1_139' title='bbox 631 2556 775 2630; x_wconf 84' lang='lat' dir='ltr'><strong>quantam</strong></span> <span class='ocrx_word' id='word_1_140' title='bbox 798 2549 848 2615; x_wconf 92' lang='lat' dir='ltr'><strong>uel</strong></span> <span class='ocrx_word' id='word_1_141' title='bbox 876 2550 959 2632; x_wconf 95' lang='lat' dir='ltr'><strong>quod</strong></span> <span class='ocrx_word' id='word_1_142' title='bbox 989 2551 1076 2618; x_wconf 91' lang='lat' dir='ltr'><strong>deest</strong></span> <span class='ocrx_word' id='word_1_143' title='bbox 1098 2559 1229 2634; x_wconf 87' lang='lat' dir='ltr'><strong>quartae</strong></span> <span class='ocrx_word' id='word_1_144' title='bbox 1251 2569 1288 2617; x_wconf 84' lang='lat' dir='ltr'><strong>ex</strong></span> 
     </span>
     <span class='ocr_line' id='line_1_19' title="bbox 168 2669 1287 2754; baseline 0 -18"><span class='ocrx_word' id='word_1_145' title='bbox 168 2669 390 2738; x_wconf 87' lang='lat' dir='ltr'><strong>constitutione</strong></span> <span class='ocrx_word' id='word_1_146' title='bbox 417 2670 566 2754; x_wconf 89' lang='lat' dir='ltr'><strong>principis</strong></span> <span class='ocrx_word' id='word_1_147' title='bbox 593 2670 693 2738; x_wconf 87' lang='lat' dir='ltr'><strong>nostri</strong></span> <span class='ocrx_word' id='word_1_148' title='bbox 722 2672 856 2738; x_wconf 90' lang='lat' dir='ltr'><strong>retinere</strong></span> <span class='ocrx_word' id='word_1_149' title='bbox 891 2670 943 2736; x_wconf 89' lang='lat' dir='ltr'><strong>uel</strong></span> <span class='ocrx_word' id='word_1_150' title='bbox 970 2671 1105 2736; x_wconf 90' lang='lat' dir='ltr'><strong>solutum</strong></span> <span class='ocrx_word' id='word_1_151' title='bbox 1134 2677 1287 2754; x_wconf 85' lang='lat' dir='ltr'><strong>repetere,</strong></span> 
     </span>
     <span class='ocr_line' id='line_1_20' title="bbox 167 2790 1287 2874; baseline 0.002 -18"><span class='ocrx_word' id='word_1_152' title='bbox 167 2791 345 2857; x_wconf 88' lang='lat' dir='ltr'><strong>actionibus</strong></span> <span class='ocrx_word' id='word_1_153' title='bbox 368 2809 424 2874; x_wconf 87' lang='lat' dir='ltr'><strong>pro</strong></span> <span class='ocrx_word' id='word_1_154' title='bbox 447 2798 518 2858; x_wconf 89' lang='lat' dir='ltr'><strong>rata</strong></span> <span class='ocrx_word' id='word_1_155' title='bbox 538 2790 681 2874; x_wconf 90' lang='lat' dir='ltr'><strong>portione</strong></span> <span class='ocrx_word' id='word_1_156' title='bbox 703 2793 793 2874; x_wconf 89' lang='lat' dir='ltr'><strong>quasi</strong></span> <span class='ocrx_word' id='word_1_157' title='bbox 820 2810 857 2857; x_wconf 83' lang='lat' dir='ltr'><strong>ex</strong></span> <span class='ocrx_word' id='word_1_158' title='bbox 880 2793 1062 2859; x_wconf 86' lang='lat' dir='ltr'><strong>trebelliano</strong></span> <span class='ocrx_word' id='word_1_159' title='bbox 1084 2799 1287 2859; x_wconf 89' lang='lat' dir='ltr'><strong>senatuscon-</strong></span> 
     </span>
     <span class='ocr_line' id='line_1_21' title="bbox 167 2908 1339 2992; baseline -0.003 -17"><span class='ocrx_word' id='word_1_160' title='bbox 167 2908 250 2976; x_wconf 87' lang='lat' dir='ltr'><strong>sulto</strong></span> <span class='ocrx_word' id='word_1_161' title='bbox 272 2911 355 2976; x_wconf 89' lang='lat' dir='ltr'><strong>inter</strong></span> <span class='ocrx_word' id='word_1_162' title='bbox 377 2909 522 2977; x_wconf 80' lang='lat' dir='ltr'><strong>becedam</strong></span> <span class='ocrx_word' id='word_1_163' title='bbox 544 2917 639 2992; x_wconf 91' lang='lat' dir='ltr'><strong>atque</strong></span> <span class='ocrx_word' id='word_1_164' title='bbox 661 2909 978 2977; x_wconf 84' lang='lat' dir='ltr'><strong>fideicommissariam</strong></span> <span class='ocrx_word' id='word_1_165' title='bbox 1002 2911 1122 2976; x_wconf 89' lang='lat' dir='ltr'><strong>diuisis.</strong></span> <span class='ocrx_word' id='word_1_166' title='bbox 1161 2913 1187 2976; x_wconf 93' lang='lat' dir='ltr'><strong>si</strong></span> <span class='ocrx_word' id='word_1_167' title='bbox 1211 2932 1287 2978; x_wconf 91' lang='lat' dir='ltr'><strong>uero</strong></span> <span class='ocrx_word' id='word_1_168' title='bbox 1305 2919 1339 2971; x_wconf 76' lang='lat' dir='ltr'><strong>ao</strong></span> 
     </span>
     <span class='ocr_line' id='line_1_22' title="bbox 169 3029 1286 3115; baseline 0.001 -19"><span class='ocrx_word' id='word_1_169' title='bbox 169 3036 265 3097; x_wconf 89' lang='lat' dir='ltr'><strong>totam</strong></span> <span class='ocrx_word' id='word_1_170' title='bbox 289 3029 493 3097; x_wconf 88' lang='lat' dir='ltr'><strong>hereditatem</strong></span> <span class='ocrx_word' id='word_1_171' title='bbox 515 3038 626 3115; x_wconf 89' lang='lat' dir='ltr'><strong>sponte</strong></span> <span class='ocrx_word' id='word_1_172' title='bbox 648 3030 739 3098; x_wconf 87' lang='lat' dir='ltr'><strong>heres</strong></span> <span class='ocrx_word' id='word_1_173' title='bbox 761 3034 943 3112; x_wconf 90' lang='lat' dir='ltr'><strong>restituerit,</strong></span> <span class='ocrx_word' id='word_1_174' title='bbox 967 3050 1074 3098; x_wconf 88' lang='lat' dir='ltr'><strong>omnes</strong></span> <span class='ocrx_word' id='word_1_175' title='bbox 1097 3033 1235 3099; x_wconf 89' lang='lat' dir='ltr'><strong>actiones</strong></span> <span class='ocrx_word' id='word_1_176' title='bbox 1258 3035 1286 3098; x_wconf 92' lang='lat' dir='ltr'><strong>ei</strong></span> 
     </span>
     <span class='ocr_line' id='line_1_23' title="bbox 167 3149 1286 3236; baseline 0.002 -20"><span class='ocrx_word' id='word_1_177' title='bbox 167 3155 261 3234; x_wconf 87' lang='lat' dir='ltr'><strong>atque</strong></span> <span class='ocrx_word' id='word_1_178' title='bbox 283 3149 315 3216; x_wconf 91' lang='lat' dir='ltr'><strong>in</strong></span> <span class='ocrx_word' id='word_1_179' title='bbox 338 3170 418 3231; x_wconf 90' lang='lat' dir='ltr'><strong>eum,</strong></span> <span class='ocrx_word' id='word_1_180' title='bbox 441 3152 492 3219; x_wconf 89' lang='lat' dir='ltr'><strong>cul</strong></span> <span class='ocrx_word' id='word_1_181' title='bbox 516 3152 673 3218; x_wconf 87' lang='lat' dir='ltr'><strong>hereditas</strong></span> <span class='ocrx_word' id='word_1_182' title='bbox 695 3154 887 3232; x_wconf 86' lang='lat' dir='ltr'><strong>restituitur,</strong></span> <span class='ocrx_word' id='word_1_183' title='bbox 911 3159 1095 3236; x_wconf 89' lang='lat' dir='ltr'><strong>competent.</strong></span> <span class='ocrx_word' id='word_1_184' title='bbox 1129 3161 1178 3220; x_wconf 89' lang='lat' dir='ltr'><strong>set</strong></span> <span class='ocrx_word' id='word_1_185' title='bbox 1193 3153 1286 3218; x_wconf 87' lang='lat' dir='ltr'><strong>etiam</strong></span> 
     </span>
     <span class='ocr_line' id='line_1_24' title="bbox 166 3270 1288 3355; baseline 0.002 -19"><span class='ocrx_word' id='word_1_186' title='bbox 166 3270 199 3336; x_wconf 91' lang='lat' dir='ltr'><strong>id</strong></span> <span class='ocrx_word' id='word_1_187' title='bbox 209 3270 294 3355; x_wconf 89' lang='lat' dir='ltr'><strong>quod</strong></span> <span class='ocrx_word' id='word_1_188' title='bbox 304 3271 504 3354; x_wconf 89' lang='lat' dir='ltr'><strong>praecipuum</strong></span> <span class='ocrx_word' id='word_1_189' title='bbox 515 3272 548 3337; x_wconf 89' lang='lat' dir='ltr'><strong>in</strong></span> <span class='ocrx_word' id='word_1_190' title='bbox 558 3273 726 3355; x_wconf 82' lang='lat' dir='ltr'><strong>pegasiano</strong></span> <span class='ocrx_word' id='word_1_191' title='bbox 737 3273 1006 3339; x_wconf 86' lang='lat' dir='ltr'><strong>senatusconsulto</strong></span> <span class='ocrx_word' id='word_1_192' title='bbox 1021 3273 1132 3351; x_wconf 82' lang='lat' dir='ltr'><strong>fuerat,</strong></span> <span class='ocrx_word' id='word_1_193' title='bbox 1145 3279 1288 3355; x_wconf 81' lang='lat' dir='ltr'><strong>transpo</strong></span> 
     </span>
     <span class='ocr_line' id='line_1_25' title="bbox 168 3391 1286 3478; baseline 0.001 -21"><span class='ocrx_word' id='word_1_194' title='bbox 168 3391 216 3457; x_wconf 89' lang='lat' dir='ltr'><strong>nit</strong></span> <span class='ocrx_word' id='word_1_195' title='bbox 235 3391 394 3476; x_wconf 89' lang='lat' dir='ltr'><strong>piissimus</strong></span> <span class='ocrx_word' id='word_1_196' title='bbox 421 3393 563 3478; x_wconf 89' lang='lat' dir='ltr'><strong>princeps</strong></span> <span class='ocrx_word' id='word_1_197' title='bbox 591 3401 698 3462; x_wconf 87' lang='lat' dir='ltr'><strong>noster</strong></span> <span class='ocrx_word' id='word_1_198' title='bbox 724 3413 781 3460; x_wconf 89' lang='lat' dir='ltr'><strong>sna</strong></span> <span class='ocrx_word' id='word_1_199' title='bbox 809 3394 1030 3461; x_wconf 89' lang='lat' dir='ltr'><strong>constitutione</strong></span> <span class='ocrx_word' id='word_1_200' title='bbox 1060 3396 1100 3460; x_wconf 89' lang='lat' dir='ltr'><strong>ad</strong></span> <span class='ocrx_word' id='word_1_201' title='bbox 1131 3393 1286 3460; x_wconf 90' lang='lat' dir='ltr'><strong>trebellia-</strong></span> 
     </span>
     <span class='ocr_line' id='line_1_26' title="bbox 168 3513 1336 3598; baseline -0.001 -21"><span class='ocrx_word' id='word_1_202' title='bbox 168 3530 252 3579; x_wconf 84' lang='lat' dir='ltr'><strong>num.</strong></span> <span class='ocrx_word' id='word_1_203' title='bbox 294 3513 399 3596; x_wconf 89' lang='lat' dir='ltr'><strong>paullo</strong></span> <span class='ocrx_word' id='word_1_204' title='bbox 421 3515 501 3580; x_wconf 92' lang='lat' dir='ltr'><strong>enim</strong></span> <span class='ocrx_word' id='word_1_205' title='bbox 525 3516 669 3596; x_wconf 89' lang='lat' dir='ltr'><strong>superius</strong></span> <span class='ocrx_word' id='word_1_206' title='bbox 698 3514 892 3598; x_wconf 86' lang='lat' dir='ltr'><strong>propositum</strong></span> <span class='ocrx_word' id='word_1_207' title='bbox 921 3513 995 3594; x_wconf 89' lang='lat' dir='ltr'><strong>luit,</strong></span> <span class='ocrx_word' id='word_1_208' title='bbox 1026 3516 1170 3598; x_wconf 89' lang='lat' dir='ltr'><strong>quotiens</strong></span> <span class='ocrx_word' id='word_1_209' title='bbox 1198 3534 1283 3580; x_wconf 91' lang='lat' dir='ltr'><strong>recu·</strong></span> <span class='ocrx_word' id='word_1_210' title='bbox 1302 3524 1336 3576; x_wconf 83' lang='lat' dir='ltr'><strong>ee</strong></span> 
     </span>
     <span class='ocr_line' id='line_1_27' title="bbox 165 3631 1285 3720; baseline 0.002 -21"><span class='ocrx_word' id='word_1_211' title='bbox 165 3637 214 3700; x_wconf 89' lang='lat' dir='ltr'><strong>set</strong></span> <span class='ocrx_word' id='word_1_212' title='bbox 246 3631 350 3700; x_wconf 51' lang='lat' dir='ltr'><strong>hares*</strong></span> <span class='ocrx_word' id='word_1_213' title='bbox 370 3637 518 3716; x_wconf 92' lang='lat' dir='ltr'><strong>tanquam</strong></span> <span class='ocrx_word' id='word_1_214' title='bbox 551 3639 728 3717; x_wconf 88' lang='lat' dir='ltr'><strong>suspectam</strong></span> <span class='ocrx_word' id='word_1_215' title='bbox 764 3633 853 3702; x_wconf 86' lang='lat' dir='ltr'><strong>adire</strong></span> <span class='ocrx_word' id='word_1_216' title='bbox 880 3634 1086 3703; x_wconf 89' lang='lat' dir='ltr'><strong>hereditatem</strong></span> <span class='ocrx_word' id='word_1_217' title='bbox 1116 3637 1285 3720; x_wconf 80' lang='lat' dir='ltr'><strong>pegasiano</strong></span> 
     </span>
    </p>
   </div>
   <div class='ocr_carea' id='block_1_3' title="bbox 0 0 1534 4890">
    <p class='ocr_par' dir='ltr' id='par_1_3' title="bbox 0 0 1534 4890">
     <span class='ocr_line' id='line_1_28' title="bbox 0 0 1534 4890; baseline 0 3"><span class='ocrx_word' id='word_1_218' title='bbox 0 0 1534 4890; x_wconf 95' lang='lat' dir='ltr'><strong> </strong></span> 
     </span>
    </p>
   </div>
  </div>
 </body>
</html>
