2990 4884
569 409 802 473 -112—

112 597 228 664 dicans
250 599 290 663 ab
313 617 349 663 eo
373 598 426 680 qni
448 596 568 674 fecerit,
591 598 749 679 impensas
772 597 946 680 scripturae
968 596 1092 663 soluere
1114 603 1244 679 paratus

112 735 178 782 non
208 717 283 795 sim,
311 716 448 801 repellar
472 718 653 799 exceptione
681 716 743 782 doli
766 715 857 796 mali,
886 717 996 797 utique
1026 718 1052 782 si
1082 734 1243 799 possessor

64 836 200 901 attona
223 835 400 902 fideluerit
422 836 531 918 quiid
554 837 726 919 scripserit.
772 837 823 901 34.
860 834 969 902 Aliena
991 837 1062 917 quis
1092 855 1168 903 usos
1197 841 1243 902 ta-

110 955 208 1029 bula,
237 955 338 1036 pinxit
360 961 392 1021 et
413 955 582 1037 imaginem
605 955 747 1021 confecit.
794 956 970 1038 quaesitum
1001 962 1050 1024 est
1078 955 1166 1022 onius
1196 959 1242 1020 ta-

110 1071 191 1138 bula
212 1073 298 1152 picta
320 1080 411 1138 esset.
467 1077 499 1138 et
527 1073 654 1156 quidam
682 1073 811 1141 aiebant
838 1075 989 1153 pictorem
1019 1073 1146 1141 tabulae
1174 1073 1243 1141 fieri
1277 1081 1293 1131 ⁶

111 1193 290 1271 dominnm,
318 1192 520 1276 tabulamque
546 1195 689 1276 picturae
711 1194 838 1274 cedere;
867 1194 920 1260 alii
950 1201 1055 1262 antem
1083 1195 1242 1260 dominum

111 1310 244 1376 tabulae
266 1312 360 1376 etiam
383 1312 525 1392 picturae
547 1311 617 1379 fieri
639 1312 898 1392 proprietarium,
923 1313 1158 1395 qualiscumque
1179 1314 1242 1392 pic·

109 1436 189 1494 tura
211 1447 290 1495 esse.
333 1430 480 1512 princeps
506 1436 611 1496 autem
639 1437 746 1497 noster
775 1432 910 1514 priorem
941 1432 1090 1513 praetulit
1119 1437 1243 1498 senten·

110 1548 200 1627 tiam,
223 1549 437 1631 pictoremque
459 1550 619 1616 dominum
643 1549 770 1616 tabulae
793 1551 896 1633 pictae
922 1550 992 1616 fieri
1019 1551 1120 1617 iussit.
1166 1550 1242 1616 ridi·

111 1669 219 1734 culum
242 1671 323 1734 enim
345 1669 473 1750 putauit
496 1669 614 1752 Apellis
637 1671 688 1736 uel
710 1669 869 1736 Parrhasii
892 1671 1047 1753 picturam
1071 1671 1240 1740 uilissimae
1260 1680 1292 1730 10

111 1788 227 1854 cedere
245 1789 381 1854 tabulae.
426 1787 500 1855 ideo
523 1790 551 1856 si
574 1791 718 1855 dominus
740 1791 866 1856 tabulae
888 1791 1055 1873 imaginem
1070 1792 1238 1873 possideat,

109 1908 217 1989 pictor
238 1913 343 1973 autem
367 1909 408 1974 ad
431 1909 655 1976 uindicandum
678 1917 755 1991 agat
775 1929 833 1976 uec
863 1908 990 1976 tabulae
1016 1909 1153 1992 pretinm
1181 1908 1239 1976 sol-

110 2034 169 2092 uat
182 2045 241 2107 per
256 2024 320 2092 doli
334 2027 408 2092 mali
425 2028 636 2109 exceptionem
652 2028 832 2109 repelletur.
848 2033 883 2093 at
897 2030 923 2094 ai
939 2030 965 2094 is
980 2030 1034 2112 qui
1049 2029 1149 2111 pinxit
1164 2029 1239 2094 ima-

111 2146 217 2228 ginem
228 2145 399 2227 possideat,
411 2147 555 2212 dominus
568 2148 694 2213 tabulae
706 2147 827 2216 directa
836 2148 869 2212 in
884 2167 950 2214 rem
966 2149 1089 2215 actione
1104 2148 1239 2229 experiri

111 2266 231 2347 nequit,
247 2265 385 2330 dominio
401 2266 483 2333 enim
499 2267 567 2333 eius
583 2266 705 2346 cecidit,
721 2286 791 2333 cum
807 2267 893 2349 picta
907 2267 1016 2342 fuerit;
1032 2268 1119 2333 utilis
1134 2274 1239 2334 tamen
1260 2282 1290 2332 15

112 2385 144 2449 in
166 2403 234 2450 rem
255 2386 337 2451 actio
360 2386 388 2451 ei
411 2385 514 2463 datur,
538 2404 631 2468 quam
655 2385 821 2452 intendens
852 2386 950 2453 dicat:
981 2387 1092 2467 qnasi
1120 2387 1239 2451 domi·

112 2522 181 2568 nus
204 2521 342 2570 essem.
366 2521 428 2587 qua
448 2485 519 2570 utili
541 2505 665 2570 actione
687 2505 718 2570 in
741 2523 808 2570 rem
829 2523 907 2571 usus
929 2505 990 2570 nisi
1012 2505 1116 2571 soluat
1138 2505 1238 2587 pictu-

111 2641 165 2689 rae
179 2624 354 2706 impensam
378 2624 483 2707 siqui
507 2623 591 2716 bona
612 2623 675 2689 fide
697 2624 805 2707 pinxit,
829 2623 1000 2707 repelletur
1022 2642 1078 2705 per
1099 2622 1163 2692 doli
1187 2643 1237 2690 ex-

112 2743 295 2823 ceptionem.
352 2748 384 2808 et
416 2742 494 2809 haec
527 2742 566 2810 de
594 2743 739 2826 imaginis
765 2743 959 2826 proprietate
988 2748 1125 2808 tractata
1153 2749 1235 2809 sunt.

111 2861 186 2927 illud
211 2863 294 2928 enim
315 2862 418 2944 palam
443 2868 501 2941 est,
525 2862 618 2944 qnod,
642 2863 710 2927 siue
732 2863 759 2926 is
782 2862 837 2945 qui
859 2861 960 2943 pinxit
974 2861 1133 2945 subripuit
1147 2864 1236 2929 tabu-
1253 2883 1288 2934 no

111 2980 169 3046 lam
193 2982 262 3046 sine
285 2981 375 3056 alins,
398 2982 547 3063 competit
569 2981 693 3047 domino
715 2980 792 3046 furti
821 2982 904 3047 actio
931 2982 962 3047 in
985 3000 1055 3048 eum
1083 2982 1137 3062 qui
1163 2982 1236 3047 sub-

60 3097 216 3181 35,ripuit.
261 3099 313 3164 35.
347 3098 426 3165 Cum
449 3105 481 3166 te
503 3101 662 3166 dominum
686 3117 755 3166 esse
784 3101 953 3180 crederem,
984 3103 1044 3167 emi
1072 3107 1146 3165 ate
1168 3100 1236 3165 iun-

112 3219 182 3284 dum
206 3218 351 3296 alienum,
374 3219 427 3285 nel
449 3239 487 3285 ex
508 3220 675 3285 donatione
698 3219 800 3286 aliane
823 3238 904 3302 quae
926 3220 1010 3286 iusta
1025 3235 1120 3284 causa
1135 3235 1235 3299 aeque

111 3336 190 3402 bona
211 3335 283 3417 fide,
307 3337 407 3404 ueluti
428 3339 676 3419 permutatione,
705 3338 820 3421 accepi.
871 3336 1024 3404 naturalis
1053 3337 1135 3402 ratio
1166 3339 1236 3404 uult
