3022 4884
702 382 935 446 -143-

258 572 355 633 ταῦτα
383 567 538 632 δεσπότου
567 567 655 644 ὄντος
684 567 738 634 τοῦ
767 569 875 652 ἀγροῦ.
933 564 1000 632 ἀλλ’
1028 569 1046 628 ὑ
1072 567 1131 652 μὲν
1159 565 1255 634 lfflios
1286 567 1382 648 νόμος

259 672 296 734 τά
326 671 451 757 ἀκίνητα
477 670 588 754 μόναι)
620 669 787 755 πράγματα
813 669 890 754 τότ’)
923 669 957 733 ἐν
991 672 1029 756 τῇ
1058 667 1168 756 Ἰταλίᾳ
1200 668 1382 755 διακείμενα

258 775 412 840 ἐκώλυσεν
435 774 493 837 ὑπὸ
517 777 570 838 τοὺ
593 773 709 857 ἀνδρὸς
731 771 917 836 ἐκποιεῒσθαι
939 772 1025 859 παρὰ
1046 773 1171 859 γνωμήν
1203 776 1257 858 τῆς
1279 795 1380 852 γυναι·

258 877 320 956 κός,
343 875 547 940 ὑποτίθεσθαι
569 876 603 938 δὲ
630 879 728 939 ταῦτα
756 877 774 938 ὑ
803 876 884 962 ἀνὴρ
914 874 988 938 οὑδὲ
1015 872 1217 960 συναινοὺσης
1244 874 1380 962 ήδὺνατο

224 984 313 1067 ὑτής
334 979 483 1063 γυναικός.
529 979 599 1042 ἀλλ’
622 977 723 1041 ἐδόκει
745 979 903 1060 ἀλόγιστον
926 977 1011 1056 είναι,
1034 979 1080 1041 ότι
1102 979 1155 1064 τήν
1176 978 1236 1059 μὲν
1258 976 1381 1065 ἐκποίη-

258 1106 315 1162 σιν,
338 1081 543 1166 σοναινοὺσης
566 1084 620 1167 τῆς
641 1083 792 1163 γυναικὸς,
817 1080 926 1165 ὀρθῶς
948 1080 1052 1161 ἐποίει,
1076 1078 1154 1144 ἔνθα
1169 1079 1382 1166 ἀπαλλοτρίω-

258 1207 305 1261 σις
326 1183 364 1271 ἦν
387 1187 440 1248 τοὺ
463 1183 654 1268 πράγματος,
676 1184 732 1271 τήν
755 1182 791 1246 δὲ
814 1184 987 1271 ὑποθήκην,
1016 1182 1094 1248 ἔνθα
1124 1185 1258 1259 ἐσώζετο
1285 1186 1305 1270 ή
1329 1185 1381 1248 δε·

256 1288 382 1352 σποτεία
405 1286 448 1352 ἔτι
470 1286 555 1373 παρὰ
577 1285 621 1371 τῷ
642 1287 749 1372 ἀνδρὶ,
779 1285 853 1350 οὑδὲ
883 1287 960 1350 κατὰ
987 1288 1113 1374 γνώμην
1141 1287 1379 1375 συνεχωρεῖτοὺ)

256 1394 360 1457 ποιεῖν.
405 1390 483 1456 άλλὰ
505 1391 634 1476 λέγομεν
657 1391 703 1455 ότι
728 1390 762 1454 ἐκ
790 1389 933 1477 τοιαύτης
962 1390 1082 1466 ἐννοίας
1109 1389 1260 1477 ὑρμηθεὶς
1282 1390 1380 1478 ήλθεν

209 1503 240 1553 10
257 1495 305 1559 ἐπὶ
327 1498 434 1558 τοῦτον
460 1497 511 1557 τὸν
533 1495 679 1577 λογισμόν
701 1496 718 1557 ὑ
743 1495 845 1578 νόμος.
890 1488 959 1580 ᾔδει
980 1494 1040 1579 γὰρ
1063 1496 1080 1556 ὑ
1105 1494 1198 1576 νόμος
1224 1496 1269 1557 ότι
1290 1494 1379 1576 λεγο·

253 1597 351 1684 μένης
373 1598 431 1660 ὑπὸ
462 1595 515 1659 τοὺ
544 1595 662 1680 ἀνδρὸς
691 1595 882 1685 ἐκποιήσεως
915 1599 952 1682 τῇ
984 1597 1131 1679 γυναικὶί)
1166 1599 1220 1659 τοὺ
1254 1597 1381 1662 dotaliu

255 1703 409 1786 κτήματος
431 1700 480 1762 καὶ
507 1701 586 1784 πρὸς
613 1696 706 1785 αὑτήν
736 1700 899 1784 συμβαίνει
927 1701 981 1786 τήν
1010 1701 1104 1787 ἀκοήν
1132 1699 1381 1786 ἐκταράττεσθαι

255 1804 310 1891 τὴν
332 1807 458 1884 γυναῖκα
480 1803 529 1865 καί
553 1804 705 1866 συναινεῖν
727 1799 783 1866 οὑκ
805 1800 983 1889 ἀνέχεσθαι.
1038 1803 1066 1865 ελ
1095 1803 1131 1866 δὲ
1160 1803 1230 1886 περὶ
1258 1801 1380 1888 ὑποθή-

256 1927 310 1992 κης
332 1903 401 1991 εἴπη
424 1927 452 1967 τι
474 1907 490 1967 ὑ
514 1904 604 1992 ἀνὴρ,
627 1905 835 1992 εὑκόλωςί)ή
866 1908 941 1992 γυνή
969 1907 1134 1994 γενήσεται
1164 1908 1243 1990 πρὸς
1263 1905 1379 1970 πειθώ.

208 2011 237 2062 15
255 2007 382 2082 εἰκότως
403 2004 458 2070 οὖν
478 2009 514 2069 τό
535 2009 592 2089 μὲν
615 2012 671 2094 τῆς
692 2006 853 2095 ὑποθήκης
881 2007 932 2071 διὰ
958 2013 1014 2095 τῆς
1041 2009 1156 2086 οἰκείας
1181 2008 1379 2098 ἠσφαλίσατο

255 2109 449 2194 νομοθεσίας,
474 2112 507 2174 τὸ
529 2110 565 2174 δὲ
587 2115 643 2197 τῆς
664 2111 856 2198 ἐκποιήσεως
876 2110 961 2176 εἴασε
992 2109 1030 2198 τῇ
1057 2111 1224 2200 δυσχερείᾳ
1247 2114 1300 2197 τῆς
1321 2135 1381 2190 γυ-

256 2212 365 2290 ναικός.
410 2214 551 2278 ὑτοίνον
582 2212 679 2279 Il‘llios
708 2214 761 2299 τὴν
789 2214 846 2298 μὲν
878 2215 964 2300 παρὰ
995 2215 1120 2300 γνώμην
1150 2218 1205 2301 τῆς
1230 2215 1380 2294 γυναικὸς
1506 2297 1507 2308 ,

256 2315 409 2403 ἐκποίησιν
432 2315 544 2404 ἐπεξγε,
568 2317 622 2402 τήν
646 2316 681 2379 δὲ
703 2316 863 2402 ὑποθήκην
885 2315 1038 2382 ἐκώλυσεν
1067 2318 1164 2382 εἶκαὶ
1191 2317 1265 2380 κατὰ
1294 2316 1380 2398 γνώ-

252 2444 314 2508 μην
338 2419 434 2507 αὑτής
455 2419 579 2503 ἐγένετο
602 2420 652 2483 καὶ
671 2419 778 2508 χώραν
802 2417 885 2506 εἶχεν
908 2417 957 2483 ἐπὶ
976 2420 1114 2504 μόνωνθ)
1129 2425 1192 2484 τῶν
1207 2418 1240 2483 ἐν
1261 2418 1379 2508 Ἰταλίᾳ

203 2535 238 2588 20
254 2523 405 2610 ἀκινήτων
427 2523 626 2608 πραγμάτων.
670 2523 688 2584 ὑ
715 2521 752 2585 δὲ
781 2521 936 2606 ήμέτερος
956 2521 1105 2605 βασιλεὺς
1127 2521 1378 2609 ἐπωφελεστάτη

254 2625 374 2712 διανοίᾳ
395 2625 434 2688 τὰ
455 2624 513 2689 δὺο
526 2623 773 2710 μετατέθεικειν·
795 2622 943 2689 ἐκέλευσε
957 2625 1018 2710 γὰρ
1034 2625 1070 2688 οὑ
1083 2625 1180 2706 μόνον
1195 2623 1245 2688 ἐπί
1258 2629 1320 2688 τῶν
1336 2623 1378 2692 ἐν

252 2725 361 2814 Ἰταλίᾳ
376 2727 539 2814 κτημάτων
553 2726 633 2791 ἀλλὰ
647 2729 696 2791 καὶ
710 2726 759 2790 ἐπὶ
774 2731 834 2790 τῶν
850 2725 883 2790 ἐν
899 2725 1059 2814 ἐπαρχίαις
1074 2726 1312 2814 άπηγορεῡσθαι
1323 2733 1379 2817 τῷ

253 2826 345 2915 ἀνδρὶ
366 2829 521 2917 ἐκποίησιν
542 2832 591 2895 καὶ
621 2829 780 2918 ὑποθήκην
810 2835 871 2894 τών
901 2831 1101 2916 προικιμαίων
1132 2831 1322 2918 πραγμάτων
1346 2834 1380 2900 εί

252 2933 302 2996 καί
323 2937 385 3008 τοῖς
406 2933 584 3018 γενομένοις
605 2934 624 3020 ή
646 2935 722 3019 γυνὴ
738 2935 878 3013 συναινεῖ,
901 2933 950 2996 ἵνα
969 2936 1013 3021 μή
1037 2932 1145 3022 τὸτῆς
1167 2933 1377 3019 γυναικείαςῗ)
1505 2931 1506 2966 ί

202 3044 235 3097 25
253 3035 382 3122 φάσεως
403 3034 524 3121 σαθρὸν
547 3035 704 3100 ἀπώλειαν
732 3040 798 3112 τοῖς
826 3036 953 3122 αὑτήςθ)
977 3036 1153 3122 πράγμασιν
1175 3037 1376 3128 ἐμποιήσηθ)

254 3143 282 3202 1.
316 3137 377 3204 Νῦν
394 3141 457 3227 χρή
480 3138 579 3222 λέγειν
601 3139 675 3202 πότε
705 3140 722 3201 ὑ
749 3139 793 3224 μή
821 3138 865 3201 ὢν
895 3138 1047 3226 δεσπότης
1073 3139 1200 3205 δύναται
1227 3141 1373 3205 ἐκποιεῖν.
1397 3151 1419 3202 l.

251 3238 342 3305 τοῦτο
365 3241 401 3306 δὲ
423 3241 597 3324 προβαίνει,
621 3243 667 3317 ώς
689 3241 737 3304 ἐπὶ
760 3240 869 3305 τοὺτου
893 3239 947 3304 τοῦ
971 3241 1117 3327 θέματος.
1162 3242 1375 3329 ἐδανεισάμην

252 3344 338 3428 παρά
361 3367 418 3409 σου
442 3343 551 3408 ἕκατον
574 3345 760 3429 νομίσματα·
784 3343 957 3432 ἐνεχὺρασά
964 3345 1003 3427 ¹⁰)
1025 3336 1075 3409 σοι
1089 3345 1145 3411 τόν
1167 3345 1243 3431 ἐμὸν
1266 3342 1375 3431 άγρὺν

252 3450 475 3536 συμφωνήσας,
498 3449 576 3524 ώςτε
599 3443 712 3520 ἐξεῖναι
741 3447 881 3511 ἐνιαυτοῦ
913 3448 1176 3532 παραδραμόντος
1205 3446 1306 3529 κάμοῦ
1324 3449 1374 3534 μὴ

200 3553 236 3606 30
252 3549 481 3632 καταβαλόντος
504 3547 538 3613 τὸ
550 3549 652 3638 χρέος
673 3549 906 3635 διαπιπράσκειν
915 3552 951 3635 ¹¹)
975 3547 1011 3615 τό
1030 3551 1186 3641 ἐνέχυρον.
1232 3551 1300 3616 λδοὺ
1323 3548 1374 3615 ἐν·

251 3648 354 3715 ταῦθα
374 3652 393 3713 ό
415 3651 561 3718 creditor
580 3653 624 3738 μή
653 3652 697 3715 ὢν
726 3651 882 3737 δεσπότης
908 3654 1011 3730 καλῶς
1037 3652 1159 3718 ἐκποιεῖ.
1211 3651 1285 3716 ἀλλ’
1313 3653 1373 3718 ἐάν

319 3824 342 3886 1)
360 3820 386 3875 ο.
402 3821 445 3874 vi.
463 3821 496 3875 R
653 3821 676 3890 ι)
694 3820 720 3876 ο.
738 3820 787 3874 τι.
805 3821 854 3874 m.
873 3821 904 3875 υ.
1072 3824 1095 3889 ³)
1113 3825 1194 3876 roam
1212 3821 1256 3878 ω.
1274 3822 1318 3878 τι.
1335 3822 1371 3880 τι.
1451 3807 1456 3818 ’

250 3907 275 3974 4)
295 3905 358 3975 περί
376 3903 436 3959 add.
455 3911 516 3960 ceta
535 3905 568 3960 de
586 3906 625 3962 M.
643 3905 706 3960 L⁶.:
726 3905 815 3975 quid.
834 3912 862 3961 et
874 3905 986 3978 ’τῇγυνῖ
1150 3910 1173 3975 ⁶)
1191 3905 1303 3968 εὔκολος
1319 3907 1371 3962 1⁸².

251 3989 343 4056 8)Μ.ι
362 3995 412 4044 τινα
430 4007 505 4046 -ον,
668 3991 691 4058 ²)
710 3991 788 4052 -κὸς
808 3991 847 4046 Vi.
865 3989 897 4047 R.
942 4009 943 4013 ¹
1043 3991 1175 4059 Ἤιτει
1193 3991 1234 4046 Vi.
1252 3992 1300 4050 R:
1318 4000 1371 4048 cet
1503 4025 1504 4066 3

251 4076 352 4135 -ταῒς,
488 4076 511 4143 ⁹)
531 4093 650 4129 -σαιτο,
668 4075 717 4131 Ῑιῦ.
736 4077 778 4130 Vi.
796 4076 830 4130 R.
973 4077 1007 4148 10)
1030 4077 1070 4130 ita
1091 4091 1151 4131 eum
1174 4077 1223 4133 Ιιῑ.
1247 4077 1297 4131 11².
1319 4077 1371 4132 1²¹.

251 4158 357 4229 scripsi:
384 4159 422 4214 M.
449 4158 611 4232 ’ἐνεχὺρισα’
638 4161 793 4233 (-γείρισα
815 4161 877 4229 Ῑιΰ.)
894 4160 928 4217 R.
956 4162 990 4230 ej·
1013 4157 1199 4233 ‘-1vplaod',
1217 4178 1369 4233 perperam.

251 4247 286 4313 11)
304 4263 381 4312 πιπρ.
398 4246 440 4302 Vi.
458 4245 490 4301 R
622 4261 630 4282 ·
