3078 4882
586 402 818 466 ...201-

138 590 203 655 sint
225 588 255 654 ei
277 590 459 671 creditores,
481 589 556 658 licei
577 588 717 656 defuncti
739 588 884 657 bonoad
906 607 960 656 aes
982 589 1120 658 alienum
1143 589 1267 656 soluen-

138 707 214 771 dum
241 725 302 774 uon
332 705 500 775 sufficiant
551 715 584 774 et
612 707 645 772 hi
674 708 800 789 quidem
827 709 996 775 necessarii
1021 709 1154 776 heredes
1181 713 1265 774 sunt

99 820 121 870 2·
139 827 168 889 2.
204 823 261 892 Sui
283 831 389 892 autem
412 833 445 894 et
467 827 637 893 necessarii
660 828 786 908 quinam
813 827 876 893 sint
904 826 1116 911 dispiciamus.
1161 828 1210 894 sui
1233 835 1266 895 et

138 945 310 1012 necessarii
333 951 409 1012 sunt
430 944 532 1013 ueluti
554 945 638 1012 filius
661 945 726 1012 filia
746 965 845 1028 nepos
866 945 970 1029 neptis
993 966 1032 1012 ex
1052 946 1118 1012 tilio
1133 952 1165 1014 et
1180 947 1267 1013 dein-

136 1082 212 1148 ceps
234 1064 331 1130 ceteri
353 1063 445 1131 liberi
467 1063 522 1148 qui
545 1065 637 1131 modo
660 1071 800 1146 tempore
827 1064 937 1130 mortis
966 1065 997 1131 in
1024 1069 1182 1148 potestate
1203 1064 1266 1130 iue-
1300 1094 1318 1146 5

135 1183 210 1248 rint
256 1185 312 1250 sed
333 1181 417 1250 iilius
439 1183 567 1267 quidem
592 1182 719 1266 filiaque
740 1182 919 1249 omnimodo
945 1182 995 1249 sni
1023 1183 1154 1251 heredes
1177 1182 1265 1264 fiunt,

136 1307 282 1384 nepotem
305 1321 383 1369 uero
406 1310 595 1386 neptemque
616 1322 678 1370 non
701 1303 818 1370 sufficit
844 1303 955 1384 insui
984 1301 1080 1370 fuisse
1108 1308 1266 1385 potestate

140 1427 178 1485 ut
200 1437 329 1486 suorum
357 1421 428 1486 iura
455 1421 685 1504 praeseferant,
718 1428 768 1487 set
803 1439 883 1502 opus
916 1427 965 1488 est
993 1426 1026 1487 et
1051 1421 1083 1487 iu
1109 1427 1266 1505 potestate

135 1541 234 1606 fuisse
257 1545 290 1605 et
311 1557 453 1607 cessasse
476 1541 620 1623 ipsorum
642 1546 763 1623 patrem
786 1544 888 1608 morte
909 1540 1043 1606 fortasse
1067 1540 1119 1606 uel
1134 1540 1265 1607 emanci-

135 1659 265 1740 patione
288 1659 340 1724 uel
362 1661 423 1725 alio
446 1659 587 1744 quolibet
610 1660 701 1726 modo
723 1660 756 1726 in
779 1660 943 1742 patrissui
959 1662 1118 1742 potestate
1134 1660 1262 1742 degere:
1285 1669 1317 1721 io

136 1786 213 1844 tunc
235 1779 317 1844 enim
340 1798 438 1862 nepos
460 1781 606 1863 neptisue
628 1780 660 1845 in
683 1779 785 1847 locum
808 1779 980 1861 patrissui
1007 1781 1188 1847 succedunt
1231 1791 1264 1848 et

136 1896 188 1963 sui
210 1898 338 1978 quidem
361 1898 432 1963 idco
454 1904 610 1966 uocantur
632 1899 706 1981 quia
728 1895 893 1964 domestici
912 1897 1043 1964 heredes
1066 1904 1147 1977 sunt,
1171 1897 1263 1977 idest,

137 2017 213 2083 uiuo
236 2017 339 2082 adhuc
361 2024 460 2098 patre,
485 2016 715 2100 quodammodo
738 2016 856 2084 domini
875 2017 1103 2095 existimantur,
1127 2016 1210 2083 unde
1232 2025 1265 2083 st

136 2138 187 2204 iex
208 2134 271 2200 XII
293 2136 473 2202 tabularum
496 2136 597 2217 primo
619 2135 688 2204 loco
710 2154 764 2202 eos
787 2137 930 2214 uocauit,
958 2154 1028 2201 cum
1052 2136 1264 2203 successiones

136 2257 176 2322 ab
199 2256 350 2320 intestato
373 2255 541 2321 ordinaret.
587 2261 619 2321 et
641 2255 690 2320 sni
718 2256 851 2321 heredes
877 2255 993 2321 idcirco
1021 2255 1182 2320 dicuntur:
1212 2273 1264 2320 ne·
1284 2272 1315 2323 15

136 2373 265 2440 cessarii
288 2380 396 2440 autem
418 2375 493 2458 quia
514 2373 690 2441 omnimodo
713 2375 782 2440 siue
799 2374 900 2440 uelint
914 2375 983 2439 siue
998 2373 1098 2440 nolint
1114 2393 1151 2439 ex
1168 2377 1265 2439 testa·

136 2497 243 2558 mento
267 2493 386 2574 pariter
408 2497 504 2577 atque
526 2493 566 2559 ab
588 2492 739 2560 intestato
769 2491 901 2557 heredes
930 2490 1019 2556 fiunt.
1064 2494 1113 2558 set
1136 2511 1173 2556 ex
1195 2492 1265 2559 iure

136 2611 224 2679 ciuili
246 2612 323 2678 nihil
345 2613 478 2679 interest
499 2613 582 2679 inter
605 2612 817 2680 necessarium
840 2612 985 2677 heredem
1000 2617 1096 2692 atque
1118 2629 1209 2676 suum
1232 2616 1265 2677 et

136 2731 367 2811 necessarium,
399 2739 528 2814 praetor
557 2749 632 2798 uero
661 2731 836 2798 naturalem
869 2730 1060 2813 aequitatem
1094 2729 1264 2812 respiciens

137 2849 225 2916 dedit
248 2850 294 2916 eis
316 2848 496 2917 facultatem
517 2868 537 2914 a
559 2850 658 2931 patris
681 2849 858 2916 hereditate
880 2866 950 2914 sese
972 2847 1165 2926 abstinendi,
1192 2866 1263 2915 cum
1281 2873 1316 2925 ω

136 2988 205 3037 eam
228 2977 406 3052 suspectam
430 2971 575 3036 habeant
605 2991 642 3037 ex
666 2971 789 3036 duobus
811 2969 893 3036 enim
917 2968 1059 3050 ingenuis
1082 2966 1192 3033 melius
1214 2972 1263 3034 est

136 3096 295 3156 mortuum
339 3089 508 3171 ignominia
545 3089 653 3166 adfici,
690 3108 784 3171 quam
820 3090 929 3155 uiuum
963 3089 1016 3170 qui
1051 3105 1119 3152 eam
1156 3085 1261 3151 sentit.

136 3225 206 3272 cum
236 3208 343 3287 itaque
372 3225 406 3274 se
434 3207 657 3286 abstinuerint,
687 3207 860 3274 creditores
887 3206 1025 3273 defuncti
1055 3206 1206 3271 bonorum
1229 3205 1261 3269 in

93 3347 116 3396 s.
134 3327 363 3406 possessiouem
386 3326 561 3405 mittentur,
586 3345 648 3392 non
671 3334 776 3393 autem
799 3328 923 3393 nomine
945 3326 1126 3392 liberorum.
1149 3325 1178 3386 3.
1201 3323 1262 3388 Ex·
