3022 4884
561 426 793 492 -136-

106 611 188 678 dum
216 611 310 680 fiscus
339 613 560 696 patrimonium
592 613 756 696 acceperit
806 613 901 696 idque
930 631 990 679 non
1021 615 1112 682 modo
1142 615 1234 681 diuus

64 741 97 792 ιο.
106 733 187 798 Pius
209 739 259 798 set
280 737 312 798 et
334 733 398 798 diui
421 731 558 798 Seuerus
581 739 612 800 et
635 732 810 800 Antoninus
832 733 1068 815 rescripserunt„
1101 733 1148 797 10.
1171 734 1235 800 Νο-

106 853 241 920 uissime
262 851 422 919 sciendum
446 857 494 916 est
525 871 589 916 rem
618 871 698 934 quae
728 852 932 934 usucapiatur
959 853 1052 918 talem
1083 871 1152 919 esse
1182 853 1235 918 de·

106 972 203 1048 bere,
227 976 263 1035 ut
284 972 367 1036 omui
388 978 495 1036 careat
517 971 596 1036 uitio
620 977 651 1036 et
673 972 754 1036 bona
776 968 838 1036 fide
862 973 983 1037 ematur
1006 971 1057 1038 uei
1079 991 1116 1037 ex
1139 972 1234 1038 dona·

65 1093 198 1156 untione
227 1091 398 1172 accipiatur
425 1091 474 1156 uel
504 1109 541 1155 ex
571 1089 634 1155 alia
663 1107 725 1170 qua
753 1108 847 1157 causa
875 1098 1055 1169 quaeratur.
1106 1093 1154 1155 ll.
1192 1093 1233 1156 Et
1267 1100 1284 1150 o

106 1230 188 1278 uera
216 1211 418 1291 possessionis
441 1229 535 1276 causa
558 1228 627 1275 esse
651 1209 760 1289 debet,
789 1208 885 1275 falsae
912 1210 992 1274 enim
1014 1229 1126 1277 causae
1146 1231 1234 1279 error

107 1350 174 1396 non
195 1330 279 1412 parit
300 1331 537 1413 usucapionem:
563 1331 661 1397 ueluti
677 1331 704 1394 si
719 1349 784 1397 rem
801 1329 988 1412 possideam,
1011 1349 1104 1412 quam
1121 1332 1233 1397 emisse

108 1455 229 1530 putem,
252 1469 321 1515 cum
343 1469 404 1516 non
429 1451 567 1527 emerim,
590 1450 641 1516 uei
662 1449 735 1514 mihi
758 1467 827 1514 asse
850 1450 1007 1526 donatam,
1032 1470 1100 1516 cum
1117 1451 1233 1516 donata

108 1589 175 1637 uon
197 1569 309 1636 fuerit:
331 1588 403 1634 nam
434 1569 513 1636 salsa
539 1571 744 1650 possessionis
773 1587 882 1647 causa,
913 1571 1042 1652 impedit
1070 1572 1232 1652 usucapio-

65 1701 193 1754 1anem.
219 1690 268 1751 12.
291 1689 434 1754 Alienum
457 1708 567 1770 agrum
590 1690 661 1784 quis
683 1686 849 1755 bonafide
872 1687 1063 1771 possidebat,
1086 1697 1118 1756 et
1139 1691 1232 1772 longo
1253 1701 1285 1752 ιο

109 1808 141 1875 ei
164 1815 305 1889 tempore
327 1828 406 1890 opus
428 1814 506 1882 erat,
529 1815 565 1872 ut
587 1810 729 1873 dominus
751 1807 849 1874 fieret.
885 1817 956 1890 post
980 1807 1056 1871 VIII
1079 1809 1159 1874 forte
1182 1811 1233 1875 uel

109 1925 207 1992 VIHI
228 1945 325 1992 annos
353 1928 502 2004 decessit,
533 1921 671 2010 legitimo
699 1927 813 1994 herede
842 1926 893 1993 uel
922 1929 1078 2008 praetorio
1110 1947 1234 1996 succes-

109 2064 183 2113 sore
204 2047 321 2111 rclicto.
345 2047 414 2113 eius
436 2047 527 2111 heres
550 2047 743 2112 honorumue
765 2064 928 2128 possessor
950 2049 977 2110 si
999 2066 1055 2127 per
1077 2048 1233 2129 reliquum

110 2167 261 2248 temporis
276 2183 342 2232 rem
356 2166 541 2247 possederit,
563 2171 652 2232 tutus
674 2184 743 2232 eam
765 2167 923 2245 retinebit,
945 2168 1018 2232 licet
1041 2170 1108 2248 ipse
1129 2142 1235 2237 scierit

110 2286 274 2365 praedium
296 2304 366 2352 esse
388 2287 538 2364 alienum,
561 2305 633 2352 nam
660 2288 741 2352 bona
768 2286 830 2352 fide
860 2287 1035 2352 inchoatam
1064 2290 1284 2368 possessio-15

110 2423 181 2471 uem
203 2404 287 2470 mala
311 2408 500 2472 successoris
527 2405 605 2472 fides
632 2425 693 2470 non
724 2407 904 2486 corrumpit.
957 2409 984 2471 si
1014 2427 1090 2473 uero
1119 2428 1156 2474 ex
1189 2409 1233 2473 di-

110 2541 203 2591 uerso
225 2523 308 2590 maia
329 2524 391 2591 tide
413 2525 482 2604 quis
505 2524 640 2592 alienum
669 2523 800 2590 fundum
827 2525 1016 2605 possederit,
1045 2526 1112 2591 cius
1142 2527 1233 2592 heres

112 2645 303 2709 honorumue
325 2661 497 2726 possessor,
520 2643 594 2710 licet
616 2643 739 2725 ignoret
760 2643 891 2710 fundum
915 2663 984 2737 esse
1006 2645 1153 2724 alienum,
1170 2665 1231 2712 non

111 2763 184 2830 inde
212 2764 389 2843 inuabitur,
418 2782 488 2829 eum
515 2764 598 2830 mala
626 2763 688 2829 fide
716 2764 758 2828 sit
787 2783 807 2828 a
835 2762 980 2830 defuncto
1010 2766 1164 2845 possessio
1186 2767 1232 2831 in·

112 2883 231 2948 choata
284 2889 317 2949 et
343 2885 420 2950 haec
448 2902 527 2966 quae
557 2886 589 2950 iu
617 2886 702 2968 longi
736 2887 885 2967 temporis
921 2890 1118 2969 possessione
1152 2893 1232 2972 opti·
1249 2895 1283 2945 2⁰

112 3006 227 3072 nebant
248 3007 280 3070 iu
302 3009 522 3089 usucapionem
546 3008 735 3074 sanctissimi
756 3027 880 3091 quoque
903 3009 1019 3075 domiui
1041 3011 1140 3076 nostri
1162 3031 1231 3077 cou—

113 3123 234 3190 stitutio
257 3127 406 3205 extendit,
428 3133 464 3192 ut
486 3128 568 3194 bona
589 3127 651 3193 fide
673 3147 693 3192 a
712 3128 857 3195 defuncto
873 3131 904 3194 in
920 3150 954 3196 re
968 3130 1072 3195 aliena
1087 3130 1232 3195 inchoata

113 3245 267 3323 possessio
295 3247 468 3312 successori
493 3264 617 3331 quoque
639 3249 739 3329 prosit
760 3250 801 3315 ad
823 3249 1044 3331 usucapionem
1072 3247 1231 3328 perficien-

114 3363 182 3428 dam
204 3369 389 3446 tempusque
412 3368 666 3445 coutinuandum,
689 3370 761 3435 licet
784 3370 864 3435 sciat
894 3387 958 3434 rem
989 3367 1121 3432 alienam
1145 3386 1229 3434 esse:

115 3487 145 3546 et
164 3501 202 3548 cx
223 3483 349 3551 diuerso
372 3484 400 3549 si
422 3486 502 3552 maie
518 3488 657 3573 eoeperit
672 3486 837 3555 defunctus
851 3488 1021 3571 possidere,
1043 3487 1142 3552 bonae
1156 3484 1230 3552 fidei
1248 3495 1281 3546 as

68 3623 107 3674 13,
115 3603 265 3681 possessio
288 3607 460 3670 successori
482 3623 543 3671 non
565 3606 676 3688 prosit.
715 3607 764 3671 13.
798 3606 854 3674 Set
877 3609 957 3674 etsi
980 3608 1051 3690 quis
1073 3605 1230 3674 bonafide

116 3738 177 3785 rem
199 3721 332 3788 alienam
354 3723 474 3801 emerit,
498 3730 530 3790 et
551 3724 656 3805 aliquo
671 3732 811 3810 tempore
826 3693 1009 3807 possederit,
1034 3727 1146 3792 deinde
1161 3744 1229 3792 eam

117 3842 297 3921 uendiderit,
318 3845 555 3926 possederitque
577 3864 645 3911 eam
668 3847 694 3911 is
717 3863 841 3928 quoque
863 3848 917 3930 qui
939 3850 979 3914 ab
995 3852 1134 3930 emptore
1150 3865 1230 3912 eme

164 4313 260 4364 Theoph.
274 4314 387 4354 Antecess-
401 4325 442 4356 rec
457 4311 545 4354 Femini-
