2990 4884
544 429 755 496 ..68-

63 633 83 684 a.
99 616 142 680 nis
161 615 262 682 lactus
284 615 390 682 luerit.
424 615 454 680 3.
477 616 527 682 Ad
550 624 669 683 eertum
692 623 815 698 ternpus
838 618 890 684 uel
910 637 948 684 ex
968 622 1054 684 certo
1068 622 1208 700 tempore

97 741 174 802 reete
201 742 337 802 tutorem
367 737 485 801 damus.
538 737 583 800 nd
614 742 766 802 eertum
792 741 966 818 tempus,
992 735 1107 802 ueluti:
1137 734 1208 800 ille

97 859 200 919 tutor
222 860 310 920 esto
333 855 381 919 ad
404 855 505 920 duos
526 873 648 938 usque
669 874 805 934 annos3
828 860 1206 936 exoertotempora

95 979 129 1038 ut
146 991 231 1040 eece:
253 979 345 1055 post
371 972 470 1040 duos
497 991 619 1039 annos
644 991 752 1055 qnam
779 971 955 1040 mortuus
981 971 1110 1052 luero,
1133 972 1209 1040 ille

95 1097 198 1157 tutor
220 1098 316 1157 esto.
360 1075 435 1157 linet
457 1097 488 1156 et
509 1091 569 1156 sub
591 1093 786 1159 condicione:
817 1074 889 1157 ille
914 1097 1024 1158 tutor
1046 1098 1151 1171 esto,
1174 1094 1207 1158 sl
1242 1100 1259 1151 o

96 1210 198 1277 nauis
222 1231 266 1278 ex
289 1211 383 1276 Asia
404 1213 577 1276 uenerit.
622 1211 794 1286 Possumus
816 1219 849 1278 et
871 1219 944 1278 ante
971 1211 1097 1278 heredis
1118 1212 1195 1277 insti

95 1331 239 1396 tutionem
262 1335 397 1395 tutorem
419 1330 596 1414 relinquere
617 1331 666 1396 his
698 1331 819 1398 uerbis:
842 1331 912 1397 ille
934 1329 1026 1396 filio
1048 1349 1133 1398 meo
1154 1338 1208 1397 tu·

60 1462 79 1514 4.
94 1455 150 1516 tor
171 1455 273 1532 esto÷
297 1448 367 1514 ille
389 1454 518 1514 nutem
542 1450 632 1514 milri
654 1450 770 1516 heres
793 1457 887 1540 esto.
920 1451 949 1514 4.
973 1449 1087 1518 Certae
1102 1457 1206 1518 autem

92 1569 208 1636 rolant
231 1575 338 1638 sertae
359 1586 472 1636 musae
494 1573 632 1634 tutorem
656 1569 732 1635 dare
754 1589 816 1636 non
838 1587 974 1652 possum,
997 1561 1208 1637 uelutiz'ille

92 1689 124 1754 in
144 1690 212 1756 hoo
235 1688 356 1754 fundo
378 1689 493 1754 autin
515 1689 587 1756 hac
606 1690 682 1755 lite
702 1695 816 1756 tutor
837 1695 937 1756 esto.
960 1689 1035 1772 quia
1055 1703 1260 1772 personuere

59 1820 79 1869 a.
93 1825 147 1872 non
168 1827 287 1874 causae
308 1807 360 1874 uel
383 1813 428 1878 rei
451 1818 538 1879 tutor
561 1813 629 1878 dari
651 1814 740 1878 solet.
784 1813 814 1876 5.
848 1811 881 1876 Si
903 1811 974 1892 quis
996 1809 1120 1876 filiabus
1141 1811 1208 1876 suis

92 1933 143 1993 ant
162 1928 237 1994 filiis
256 1916 326 1996 'suis
348 1938 486 2002 tutorem
511 1933 642 2009 dederit,
665 1938 829 2014 postumae
852 1931 902 1996 uel
924 1935 1069 2013 postumo
1083 1946 1208 2015 quoqne

92 2047 209 2114 dedisse
235 2047 370 2126 uidetur,
392 2053 466 2133 quia
487 2051 544 2118 filii
568 2053 618 2116 uel
646 2050 729 2117 filiae
751 2050 961 2135 appellatione
990 2056 1023 2116 et
1043 2057 1207 2133 postumus

92 2172 121 2231 et
138 2175 287 2249 postona
309 2169 518 2237 continentur.
542 2189 582 2236 an
605 2178 638 2236 et
659 2177 795 2253 nepotes·
815 2187 941 2253 quoque
959 2170 1129 2236 liberorum
1153 2189 1207 2252 ap-

91 2285 253 2367 pellatione
275 2291 475 2360 eontinentur
496 2297 532 2356 ut
554 2291 630 2373 ipsis
652 2310 776 2375 quoque
798 2290 892 2356 dutus
915 2307 984 2356 esse
1005 2287 1208 2372 intellegatur
1227 2291 1258 2342 15

91 2411 169 2474 tutor
183 2409 241 2490 qui
256 2409 364 2476 liberis
379 2418 427 2478 est
443 2413 580 2491 relictus,
602 2418 638 2477 nt
656 2411 827 2479 liberorum
842 2409 1051 2492 appellatione
1066 2415 1099 2474 et
1113 2427 1207 2490 nepo·

34 2610 37 2614 ⁴
91 2523 133 2592 'tes
152 2527 356 2624 indicentur?
383 2538 414 2598 et
443 2532 544 2613 magis
571 2540 620 2599 est
641 2540 677 2598 ut
698 2532 933 2604 contineantur,
961 2528 1052 2593 modo
1080 2529 1106 2593 si
1136 2526 1206 2611 quis

91 2645 235 2714 liberos
257 2668 319 2716 non
341 2648 422 2716 filios
446 2651 574 2740 dixerit3
602 2669 673 2716 nam
703 2652 729 2716 si
752 2649 865 2747 dixerit
894 2647 998 2713 filiis
1028 2649 1122 2714 meis
1144 2652 1206 2719 tu·

91 2770 207 2832 torem
240 2769 304 2847 do,
333 2775 464 2850 nepotes
493 2789 554 2836 non
578 2769 792 2848 continentur,
821 2768 913 2834 aliter
935 2766 1016 2832 enim
1038 2765 1092 2831 filii
1114 2768 1206 2834 aliter

91 2893 215 2966 nepotes
238 2888 444 2970 appellantur.
488 2890 582 2971 plane
604 2890 632 2956 si
653 2887 784 2956 dixerit:
807 2888 1002 2970 postumis
1024 2887 1072 2953 do
1093 2894 1205 2954 tuto·
1223 2895 1257 2946 ao

92 3019 174 3084 ren,
197 3011 268 3072 turn
290 3008 478 3090 quicumque
500 3015 649 3076 nascatur
670 3009 739 3075 siue
760 3007 843 3074 filius
865 3009 935 3074 siue
955 3017 1051 3090 nepos
1073 3010 1205 3084 ineius,

90 3125 139 3207 qni
159 3125 255 3194 dutus
275 3125 381 3226 luerit,
405 3128 504 3192 tutela
525 3127 594 3194 erit.
662 3221 665 3226 ι
888 3123 893 3130 ’

545 3466 751 3481 -d—-u—
