3038 4884
581 418 791 482 ..36-

81 619 105 669 a.
125 599 256 668 domino
280 603 467 686 adquiritur.
505 605 534 668 2.
559 605 660 672 Hodio
682 611 786 672 autam
809 603 903 670 nullis
925 604 1100 678 hominibus
1121 604 1177 688 qui
1191 607 1250 674 sub

124 739 257 787 mmeno
279 721 411 805 imperio
432 731 507 790 sunt
528 723 603 792 licat
624 725 692 791 sine
714 743 810 791 causa
832 724 955 808 legibus
977 725 1100 807 cognita
1122 743 1250 792 seruum

125 859 221 905 suum
245 839 397 912 occidere.
419 849 469 909 set
490 861 593 927 neque
617 861 713 924 supro
736 845 861 910 modum
884 844 916 910 in
940 863 993 910 cos
1016 843 1148 911 saeuire.
1185 846 1252 912 diui

125 961 210 1025 enim
247 962 395 1026 Antonini
427 963 649 1030 constitutione
683 970 811 1029 cautum
840 970 889 1030 eat
917 970 952 1031 ut
980 963 1128 1045 quisine
1156 983 1252 1032 causa

125 1079 282 1161 probabili
311 1099 438 1147 seruum
472 1101 565 1148 suum
591 1080 744 1150 occiderit
772 1083 818 1149 ita
852 1084 1028 1166 puniendus
1062 1085 1120 1163 sit,
1156 1084 1250 1151 sicuti
1284 1079 1301 1130 ὅ

125 1200 180 1282 qui
203 1198 340 1266 alienum
362 1200 553 1268 interfecerit
567 1220 694 1268 seruum
714 1202 808 1286 plecti
830 1203 938 1269 soleat
962 1201 1131 1283 probabilis
1153 1221 1249 1271 causo

125 1323 177 1384 est
199 1337 269 1385 curn
293 1322 363 1403 quis
385 1339 512 1387 seruum
537 1340 629 1388 suum
651 1339 722 1386 oum
749 1340 848 1388 uxore
875 1341 934 1388 sna
960 1323 993 1388 iu
1020 1322 1176 1390 adulterio
1199 1324 1249 1390 de·

125 1439 312 1519 prehendat,
335 1446 393 1505 aut
414 1459 485 1505 oum
507 1459 620 1508 sarnus
650 1443 679 1507 ei
708 1461 818 1508 manus
845 1441 972 1508 iniciat:
1002 1459 1074 1507 nam
1104 1443 1131 1508 si
1160 1461 1248 1523 prae·

124 1565 257 1626 uertens
278 1559 363 1624 terro
386 1578 457 1626 eum
478 1559 689 1640 interemerit,
718 1562 845 1642 impune
872 1560 986 1627 occisio
1014 1559 1059 1625 fit.
1103 1561 1174 1628 Non
1201 1579 1250 1627 so-

125 1680 193 1744 lum
215 1697 293 1745 uero
321 1678 425 1745 uetuit
453 1678 598 1761 princeps
627 1699 754 1746 seruum
781 1681 848 1747 sine
878 1682 999 1746 ratione
1026 1680 1173 1761 interfici,
1200 1689 1249 1748 set
1269 1681 1301 1733 1⁰

125 1797 278 1864 maiorem
301 1817 426 1880 quoque
448 1799 642 1865 dominorum
666 1800 868 1883 asperitatem
890 1799 953 1866 alia
975 1802 1113 1868 coercuit
1136 1802 1249 1868 consti·

126 1917 261 1997 tutione,
284 1937 366 2001 quae
392 1939 429 1985 ex
457 1919 609 1984 eiusmodi
637 1919 799 1987 occasione
821 1920 972 2004 originem
1002 1923 1100 1988 duxit
1150 1921 1250 1989 Iulius

125 2036 257 2117 quidam
280 2036 416 2103 Sabinus
438 2038 470 2103 in
492 2056 602 2104 seruos
624 2056 699 2105 suos
720 2057 813 2120 asper
835 2045 913 2114 erat,
935 2040 1081 2124 quicum
1102 2042 1250 2110 intolera-

125 2157 220 2223 bilem
244 2158 312 2221 eius
334 2157 498 2222 saeuitiam
521 2165 554 2222 et
575 2177 691 2240 poenas
713 2158 795 2224 farre
818 2178 879 2224 non
893 2167 1031 2241 possent,
1054 2161 1178 2227 domino
1201 2179 1249 2226 re·

124 2275 212 2353 licto,
241 2274 296 2341 alii
325 2276 367 2342 od
394 2275 590 2344 uenerabides
618 2278 743 2356 domos,
772 2279 825 2344 alii
854 2278 896 2343 ad
922 2280 1096 2362 principum
1126 2283 1249 2346 statuas
1269 2287 1300 2340 15

125 2397 347 2480 confugerunt.
392 2418 525 2480 cumque
547 2398 698 2464 transiret
720 2399 827 2464 Aelius
849 2395 1027 2466 Marcianus
1053 2395 1138 2464 illius
1161 2417 1248 2481 prce-

125 2536 177 2584 ses
199 2520 390 2601 prouinciae,
414 2519 482 2585 eius
504 2521 733 2585 inuocauerunt
760 2516 920 2582 auxilium.
972 2519 1024 2600 qui
1054 2535 1124 2583 cum
1153 2518 1249 2582 iuter·

125 2644 281 2720 rogasset,
305 2656 412 2704 eorum
434 2636 523 2704 nouit
551 2637 765 2704 condicionem
788 2654 975 2716 causamque
1003 2638 1154 2704 eiusmodi
1183 2637 1249 2703 adi·

125 2759 222 2824 donis
246 2755 366 2824 didicit.
404 2775 475 2823 cam
498 2777 573 2824 uero
595 2757 645 2822 lex
666 2774 728 2822 non
751 2763 842 2835 esset,
870 2775 933 2838 qua
955 2755 1108 2822 eiusmodi
1129 2758 1249 2839 species

127 2876 338 2952 decideretur,
360 2878 531 2961 principem
553 2875 719 2954 consuluit,
742 2874 892 2956 quidnam
907 2874 977 2941 fieri
992 2882 1161 2958 oporteret,
1184 2895 1249 2943 om·
1267 2893 1301 2944 ao

125 2999 178 3064 nia
201 2996 286 3062 iacta
307 3014 492 3079 proponens.
538 2998 683 3078 princeps
705 3015 781 3062 uero
805 2997 845 3061 ud
867 3015 905 3061 ea
926 3000 1099 3062 commotus
1121 2997 1250 3077 rescrip

126 3117 167 3181 sit
188 3136 252 3182 non
276 3135 346 3181 esse
367 3117 468 3182 seruis
489 3113 609 3182 temere
632 3113 821 3181 credendum
844 3114 884 3180 de
907 3115 1031 3181 domino
1046 3133 1103 3181 suo
1118 3133 1248 3197 queren-

124 3237 228 3315 tibus3
251 3243 367 3301 natura
388 3237 470 3301 enim
492 3253 605 3301 seruus
627 3233 751 3300 domino
774 3235 916 3299 inimicus
938 3241 1002 3313 est;
1031 3240 1080 3300 set
1101 3233 1249 3299 iudicium

126 3356 364 3423 conuocandum
387 3363 420 3419 at
440 3355 687 3421 controuersiam
720 3354 946 3437 explanandam
975 3372 1063 3420 esse:
1092 3359 1124 3418 et
1153 3352 1180 3418 si
1203 3353 1250 3420 ui·

126 3480 256 3544 deretur
279 3476 486 3544 intolerabilis
509 3475 626 3542 domiui
648 3474 816 3557 asperitas,
840 3471 995 3554 cogendos
1017 3491 1087 3539 esse
1109 3474 1249 3540 dominos
1267 3472 1301 3524 2⁵

124 3615 247 3676 seruos,
270 3597 304 3661 in
326 3614 405 3679 quos
426 3595 610 3674 saeuierint,
634 3596 744 3663 bonis
766 3591 1080 3662 condicionibus
1103 3596 1250 3675 uendere,

125 3717 326 3799 pretiumque
340 3715 474 3781 dominis
491 3717 639 3780 dandum.
661 3715 732 3781 ideo
747 3723 853 3779 antem
868 3713 947 3779 dixit
965 3712 1074 3779 »bonis
1097 3711 1250 3779 condicio-
