3078 4882
627 435 859 498 -181-

181 621 268 687 bitur
289 622 318 686 ei
342 621 393 686 uei
414 620 453 684 iis
483 622 537 702 qui
565 622 632 685 sine
659 629 750 702 parte
779 633 854 686 sunt
883 623 1009 702 scripti,
1037 623 1129 704 quasi
1158 622 1303 688 uideatur

178 742 315 806 testator
348 741 380 804 in
415 740 526 821 uiginti
559 745 709 820 quattuor
747 741 854 807 uncias
893 761 994 808 assem
1037 741 1191 808 diuisisse.
1247 741 1302 806 ita·

169 847 241 940 ¹que
262 859 316 939 qui
339 859 407 924 sine
429 865 519 952 parte
540 847 632 924 heres
659 857 824 926 institutus
853 867 902 926 est
930 851 981 925 uel
1009 861 1092 940 quod
1123 861 1186 926 assi
1217 860 1305 926 deest

179 979 231 1044 uel
253 979 414 1045 semissem
436 978 559 1060 accipit.
585 997 705 1061 ¹nequa
733 979 865 1045 interest
894 979 1014 1059 primus
1044 998 1083 1044 an
1114 979 1305 1045 nouissimus

178 1117 220 1162 an
243 1097 365 1163 medius
387 1099 455 1164 sine
476 1104 567 1180 parte
588 1099 724 1179 scriptus
746 1099 814 1164 sitz·
827 1098 1003 1180 omnimodo
1026 1100 1107 1164 enim
1128 1097 1210 1165 idem
1227 1097 1306 1180 opti·
1340 1101 1356 1149 ὁ

133 1225 160 1276 u.
180 1218 277 1283 nebit.
323 1219 352 1280 7.
386 1216 497 1284 Plures
520 1217 643 1282 institui
671 1215 803 1284 heredes
833 1237 871 1282 cx
899 1224 985 1282 certa
1013 1223 1120 1298 parte;
1150 1233 1211 1282 nou
1234 1233 1305 1283 con·

180 1337 300 1418 sumpsi
322 1337 355 1401 in
379 1351 433 1403 eos
454 1353 566 1412 assem,
589 1345 640 1403 set
660 1353 734 1416 pars
757 1335 864 1419 aliqua
885 1342 987 1403 uacat.
1016 1353 1089 1416 pars
1105 1334 1203 1417 igitur
1225 1351 1306 1414 quae

180 1463 275 1522 uacat
296 1456 337 1522 ad
359 1469 452 1538 quem
473 1455 649 1537 spectabit?
672 1463 704 1522 et
726 1455 856 1522 dicimus
878 1463 999 1537 partem
1022 1463 1187 1522 uacantem
1211 1453 1306 1520 tacite

181 1573 310 1655 scriptis
333 1571 501 1640 heredibus
523 1574 721 1641 adcrescere:
752 1575 852 1642 ueluti
882 1574 909 1638 si
937 1579 1003 1639 tres
1030 1575 1152 1639 institui
1176 1574 1306 1640 heredes

182 1713 220 1760 ex
243 1689 365 1775 quartis
387 1693 539 1774 partibus,
561 1693 607 1759 ita
629 1699 665 1758 ut
687 1693 845 1774 quadrans
867 1692 1008 1774 reliquus
1030 1692 1079 1757 sit
1132 1692 1182 1756 hic
1213 1691 1307 1757 tacite
1328 1710 1359 1760 ιο

182 1810 315 1894 singulis
337 1811 464 1894 scriptis
486 1813 655 1878 heredibus
677 1831 734 1894 pro
756 1818 847 1892 parte
873 1813 1066 1879 hereditaria
1090 1811 1254 1878 adcrescet
1275 1818 1308 1876 et

183 1930 312 2010 perinde
334 1949 444 2022 reapse
467 1950 504 1996 ex
534 1931 648 1999 triente
670 1932 806 1998 instituti
832 1931 1043 2010 inuenientnr‚
1074 1949 1110 1998 ac
1138 1931 1165 1997 si
1193 1930 1307 2012 singuli

128 2103 130 2108 ,
183 2048 215 2114 in
237 2049 384 2116 trientem
407 2058 512 2115 essent
533 2051 651 2131 scripti.
675 2059 708 2116 et
730 2067 768 2116 ex
790 2049 916 2116 diuerso
940 2051 966 2115 si
988 2051 1094 2133 plures
1116 2049 1306 2116 instituerim

184 2168 316 2235 heredes
339 2188 376 2233 ex
402 2177 489 2235 certa
515 2175 605 2250 parte
634 2175 728 2250 atque
758 2170 790 2234 in
811 2169 921 2234 iisdem
944 2187 981 2234 ex
1004 2176 1092 2236 certa
1114 2173 1204 2250 parte
1234 2171 1308 2233 scri-

185 2289 295 2354 bandis
318 2289 479 2360 duodecim
503 2291 610 2355 uncias
640 2289 839 2366 excesserim,
869 2290 966 2354 tacite
995 2287 1126 2371 singuiis
1157 2288 1309 2354 decrescit
1330 2298 1360 2346 rs

187 2408 270 2492 quod
293 2407 441 2473 abundat.
489 2415 525 2472 ut
546 2427 619 2474 ecce
640 2413 790 2488 quattuor
817 2407 929 2488 scripsi
956 2408 1087 2474 heredes
1117 2425 1155 2472 ex
1184 2410 1310 2488 quater·

187 2528 236 2593 nis
260 2527 372 2595 unciis:
394 2526 464 2592 iure
494 2526 624 2609 singulis
652 2525 794 2610 singulae
824 2526 938 2592 unciae
964 2525 1186 2604 detrahuntur,
1214 2533 1310 2610 atque

139 2668 164 2719 a.
186 2646 224 2712 iit
245 2653 281 2712 nt
302 2647 508 2727 quadrantem
531 2645 647 2713 habere
669 2645 785 2728 singuli
806 2643 1018 2712 inueniuntur.
1062 2645 1091 2708 8.
1126 2642 1236 2710 Plures
1258 2644 1311 2708 he-

187 2767 278 2831 redes
300 2765 423 2832 institui
445 2784 483 2830 ex
505 2767 590 2832 certa
612 2772 712 2847 parte,
734 2772 830 2848 atque
852 2765 970 2831 excessi
996 2763 1161 2830 duodecim
1188 2763 1310 2846 uncias5

187 2885 293 2952 addidi
307 2885 403 2951 adum
417 2903 542 2968 quoque
557 2883 625 2951 sine
640 2891 739 2965 parte.
761 2888 913 2965 quantum
925 2881 1059 2964 accipiet
1073 2883 1128 2966 qui
1142 2883 1210 2948 sine
1221 2889 1312 2964 parte
1329 2875 1363 2926 20

187 3006 351 3071 institutus
378 3003 449 3071 est?
477 3011 514 3071 ut
542 3022 613 3072 ecce
641 3003 687 3070 ita
713 3003 839 3087 scripsi:
876 3003 1035 3070 Primus
1069 3002 1185 3070 heres
1218 3001 1311 3066 mihi

187 3133 276 3192 esto
299 3143 341 3190 ex
364 3124 583 3207 quincunce
612 3131 650 3190 at
671 3121 875 3190 Secundus
904 3143 948 3191 ex
969 3122 1138 3188 semisse
1161 3127 1201 3186 et
1223 3121 1312 3186 Ter·

188 3246 265 3311 tius
288 3263 332 3310 ex
354 3245 486 3310 besse:
509 3249 594 3309 estc
616 3242 712 3308 mihi
734 3241 853 3310 heres
879 3250 919 3308 at
941 3242 1125 3320 Quartus.
1178 3238 1311 3305 dicimus

187 3365 343 3444 Quartum
365 3363 513 3444 quinque,
536 3380 618 3445 quaa
639 3369 818 3444 supersunt,
841 3362 950 3427 uncias
972 3361 1122 3442 accipere,
1146 3358 1312 3425 nouemde
