2990 4884
535 383 745 448 ...84-

99 586 163 632 num
177 568 382 646 impleuerint.
405 569 437 633 in
460 589 535 636 cura
557 577 664 635 autem
685 571 891 652 adgnatorum
913 578 995 650 sunt,
1018 571 1110 637 sicuti
1131 572 1201 652 lege

99 683 150 750 llll
170 687 347 752 tabularum
370 697 495 754 cautum
518 697 575 754 est.
599 696 647 755 set
668 689 770 756 solent
792 691 908 756 Romae
930 689 1107 770 praefectus
1130 690 1201 755 urbi

97 815 142 871 aut
162 814 295 888 praetor,
318 809 350 872 in
371 811 541 889 prouinciis
567 817 671 876 autem
698 810 858 891 praesides
885 817 1045 876 curatores
1073 809 1200 874 furiosis

97 935 122 990 et
148 928 284 1008 prodigis
313 947 351 992 ex
377 927 580 1011 inquisitione
609 927 702 1005 dare,
732 946 802 993 cum
830 930 985 1009 adgnatus
1015 947 1074 993 non
1106 934 1199 1008 extet,

66 1047 84 1094 4·
98 1055 141 1111 aut
161 1053 244 1112 extet
265 1048 408 1127 quidem,
430 1048 560 1115 idoneus
585 1055 689 1114 autem
711 1049 751 1113 ad
774 1066 879 1115 curam
903 1067 964 1112 non
987 1049 1037 1112 sit.
1086 1049 1115 1109 4.
1145 1046 1200 1111 Set
1234 1059 1250 1108 t

98 1171 123 1228 et
145 1173 245 1232 mente
272 1167 356 1249 capti
379 1177 410 1232 et
432 1169 518 1233 surdi
541 1176 573 1234 et
594 1167 672 1232 muti
694 1169 726 1232 in
749 1185 825 1232 cura
853 1174 926 1232 sunt
955 1173 987 1230 ct
1015 1166 1070 1246 qui
1092 1167 1199 1232 morbo

26 1371 27 1376 ἵ
97 1293 232 1366 perpetuo
260 1285 419 1365 laborant,
452 1288 526 1369 quia
558 1289 652 1353 rebus
685 1288 749 1353 suis
778 1306 942 1370 superesse
971 1306 1031 1353 non
1059 1293 1199 1367 possunt.

64 1403 82 1451 5·
98 1407 120 1466 t.
150 1403 309 1471 Interdum
331 1414 437 1472 autem
460 1415 492 1472 et
514 1406 622 1488 pupilli
644 1416 806 1473 curatores
828 1408 992 1488 accipiunt,
1016 1413 1051 1470 ut
1072 1411 1149 1486 puta
1172 1405 1199 1468 si

101 1525 244 1605 legitimus
267 1533 355 1590 tutor
375 1544 436 1591 non
459 1525 502 1590 sit
524 1526 663 1592 idoneus.
707 1526 778 1591 ideo
802 1533 905 1591 autem
928 1533 1013 1591 tutor
1035 1525 1115 1591 alter
1138 1543 1198 1588 non

95 1644 183 1724 datur,
205 1652 255 1710 set
276 1653 412 1722 curator,
435 1647 509 1728 quia
531 1647 639 1727 regula
662 1655 710 1711 est
732 1647 817 1722 iuris,
841 1665 904 1730 qua
919 1652 1054 1710 tutorem
1070 1644 1198 1710 habenti
1220 1644 1250 1694 1⁰

95 1772 168 1829 tutor
189 1767 256 1831 dari
278 1783 339 1829 non
362 1773 474 1846 potest.
520 1765 547 1828 si
570 1775 675 1830 autem
705 1772 790 1831 tutor
812 1772 1000 1830 testamento
1025 1763 1119 1829 datus
1149 1763 1199 1829 uel

94 1903 109 1947 a
127 1887 357 1968 magistratibus
379 1886 511 1950 idoneus
534 1895 595 1951 non
617 1895 666 1950 est
688 1885 727 1950 ad
750 1885 1051 1950 administrationem
1074 1904 1130 1949 nec
1153 1892 1199 1948 ta-

96 2024 155 2070 men
186 2005 400 2072 fraudulenter
434 2004 528 2070 rebus
561 2005 671 2085 pupilli
704 2011 863 2086 superest,
897 2002 975 2068 solet
1009 2003 1037 2067 ei
1071 2009 1199 2070 curator

93 2125 218 2206 adiungi.
252 2126 285 2190 in
307 2127 409 2192 locum
431 2144 540 2193 eorum
562 2127 615 2205 qui
638 2126 678 2189 ad
699 2129 823 2206 tempus
845 2142 865 2188 a
886 2125 986 2189 tutela
1001 2133 1198 2202 excusantur,

60 2249 79 2300 6·
93 2253 241 2310 curatores
264 2245 334 2311 dari
356 2247 466 2325 soient,
488 2246 571 2310 sicut
592 2243 722 2310 inferius
744 2261 961 2326 proponemus.
1001 2243 1029 2305 6.
1059 2241 1092 2305 Si
1113 2250 1198 2307 tutor
1219 2240 1249 2291 15

93 2365 216 2429 aduersa
238 2365 417 2430 ualetudine
438 2364 489 2428 uel
518 2363 580 2428 alia
607 2364 792 2429 necessitate
819 2363 1004 2444 impeditur,
1034 2363 1198 2441 quominus

97 2501 139 2547 res
159 2483 266 2566 pupilli
288 2483 508 2548 administrare
529 2484 637 2564 possit,
660 2481 760 2547 ueluti
781 2483 808 2547 si
830 2484 896 2546 suis
923 2481 1030 2546 litibus
1053 2482 1198 2547 detentus

94 2603 138 2680 sit,
158 2612 187 2668 ct
208 2603 349 2684 pupillus
367 2604 418 2668 uel
441 2603 524 2668 absit
545 2603 596 2668 uel
618 2601 719 2667 inians
741 2603 791 2681 sit,
814 2608 918 2683 potest
938 2607 1026 2664 tutor
1045 2618 1102 2665 suo
1116 2599 1198 2682 peri·

97 2719 159 2785 culo
178 2729 313 2788 actorem
336 2724 418 2805 apud
440 2732 618 2804 praetorem
639 2723 854 2804 praesidemue
875 2703 1056 2802 prouinciae
1085 2721 1200 2785 eonsti-

94 2845 181 2920 tuem,
204 2845 257 2925 qui
280 2844 350 2908 ideo
372 2851 488 2908 actor
511 2843 634 2919 dieitur,
657 2840 731 2922 quia
753 2859 809 2923 per
830 2848 901 2906 acta
916 2840 1130 2906 constituitur.
1165 2840 1249 2906 Sim

96 2966 190 3026 autem
211 2962 347 3045 pupillus
369 2962 453 3026 adsit
474 2967 506 3026 et
528 2961 614 3043 loqui
635 2961 745 3041 possit,
768 2976 838 3024 cnm
867 2959 981 3024 tutoris
1010 2960 1198 3026 auctoritate

92 3088 264 3156 procurator
286 3081 432 3147 constitui
455 3087 568 3160 potest.
