3058 4890
722 411 955 475 -256-

278 594 344 681 είιῳ
366 595 603 679 ἐπαναβαίνοντι
632 597 770 685 ῆκαινῷ
797 598 865 680 Sliq)
889 596 1111 681 έπιγενομένῳ)
1134 593 1280 682 &inritos
1288 593 1313 676 ¹)
1330 593 1407 658 ἀπε-

278 697 461 785 τελέσθηβ)
490 698 534 764 δι’
563 702 632 786 ῆνί)
661 701 777 788 ὑπέστη
806 701 920 784 capitis
952 699 1172 765 deminutiona
1202 701 1218 758 ό
1245 696 1403 774 testatam,

279 800 311 864 ἐν
333 799 354 890 ᾔ
376 803 424 865 καί
444 802 660 891 ἐτελεύτησεν,
691 804 710 892 ῆ
738 805 875 892 μηδενός
904 804 1074 886 τοιούτουί)
1105 800 1402 886 παρακολουθῆσαν-

279 926 338 980 τος,
362 907 379 968 ό
402 907 535 989 γραφείς
556 906 749 991 κληρονόμος
771 905 807 969 ού
831 904 991 991 προσῆλθε
1015 907 1062 989 τῷ
1085 904 1200 990 κλῆριρ.
1476 922 1477 994 t

244 1023 259 1072 5
366 1012 392 1071 l.
425 1005 602 1072 Ἀδιαθέτου
625 1008 724 1072 τοίνυν
747 1007 988 1096 τελευτῆσαντός
1015 1029 1098 1083 τινος
1118 1005 1196 1069 κατὰ
1225 1004 1293 1080 τούς
1311 1005 1391 1090 είρη·
1410 1021 1430 1070 1.
1476 997 1477 1006 ¹

275 1109 391 1191 μένους
415 1113 557 1194 τρόπους,
581 1113 600 1197 ῆ
624 1111 809 1196 κληρονομία
833 1112 908 1174 κατὰ
933 1111 1059 1196 πρώτην
1081 1110 1168 1180 τάξιν
1184 1108 1246 1170 ἀπό
1262 1103 1310 1172 τοῦ
1329 1107 1388 1169 διο-

278 1213 464 1278 δεκοδέλτου
489 1214 584 1296 νόμον
607 1214 650 1288 είς
673 1215 746 1291 τοὺς
768 1214 842 1280 stus
874 1214 1075 1301 παραγίνεται
1101 1213 1323 1299 κληρονόμους.
1361 1212 1389 1273 ⁸2.
1407 1217 1432 1266 2.

277 1315 353 1382 Stoi
380 1317 416 1381 δὲ
447 1320 632 1403 κληρονόμοι
661 1319 847 1403 νομίζονται,
881 1319 964 1384 καθὰ
992 1319 1039 1382 καὶ
1066 1317 1100 1380 ἐν
1126 1319 1166 1403 τῇ
1195 1312 1395 1399 προλαβούση
1478 1298 1479 1334 ³

278 1420 444 1505 είρηκομεν
467 1419 671 1500 Institutioni,
696 1423 756 1506 ολδ)
780 1423 812 1486 in
834 1427 993 1504 potestate
1017 1420 1105 1496 ὄντες
1128 1419 1181 1482 του
1198 1419 1398 1504 τελευτῆσαν·

231 1531 261 1582 10
279 1545 339 1599 τος,
363 1523 458 1606 αἶαν’)
483 1525 546 1597 υίος
569 1522 727 1610 θυγάτηρ·
758 1523 883 1606 ἔκγονος
906 1524 1030 1610 έκγύνη,
1059 1525 1088 1587 ot
1115 1524 1176 1586 ἀπὸ
1202 1525 1259 1585 τοῦ
1289 1543 1402 1606 προτε-

277 1627 482 1712 λευτῆσαντος
504 1623 587 1690 υίοῦ·
610 1627 799 1713 προέκγονος
822 1629 995 1712 τιμοεκγόνη
1022 1627 1050 1690 οί
1073 1629 1132 1713 πρὸ
1156 1629 1209 1712 τῆς
1232 1623 1312 1710 ἐμῆς
1333 1646 1401 1711 τεγ·

278 1726 387 1805 θέντες
407 1729 554 1816 τελευτῆς
576 1729 609 1793 ἐκ
632 1728 685 1795 τοῦ
708 1730 845 1810 ἐκγόνου,
869 1729 903 1791 δν
926 1733 944 1792 ό
967 1730 1043 1812 ἐμός
1064 1729 1226 1815 ἐγέννησεν
1249 1727 1323 1800 υίός.
1352 1729 1403 1790 καί

277 1833 313 1896 οὐ
336 1833 558 1918 διαφέρομαιῖ)
583 1834 714 1919 πότερον
738 1835 861 1919 φυσικοί
885 1831 993 1909 παῖδές
1015 1834 1088 1896 εἰσιν
1112 1831 1131 1919 ῆ
1156 1830 1251 1894 θετοί.
1279 1829 1403 1904 τούτοις
1481 1864 1482 1890 ι

277 1936 312 1997 δὲ
336 1940 398 2012 τοῖς
419 1935 503 2001 Stieis
527 1935 762 2022 συναριθμεῖνῦ)
785 1937 934 2022 άνάγκηθ)
959 1935 1031 2013 τοὺς
1050 1935 1093 2023 μη
1116 1933 1281 2022 τεγθέντος
1294 1933 1354 2018 μὲν
1362 1935 1401 2014 ¹⁰)

229 2059 258 2110 15
277 2037 337 2101 άπὸ
362 2039 497 2123 νομίμων
519 2040 636 2123 γάμων,
659 2039 862 2116 ἐπιδοθέντας
884 2039 929 2116 δὲ,
955 2039 1036 2102 καθὰ
1063 2043 1131 2114 τοῖς
1152 2038 1325 2120 βασιλικαῖς
1348 2057 1403 2098 πε·
1482 2101 1483 2110 ,

272 2139 408 2228 ριέγεται
432 2141 606 2218 διατάξεσι,
628 2141 847 2228 βουλευτηρίῳ
877 2142 1015 2217 πόλεως·
1046 2141 1208 2226 γενόμενοι
1237 2140 1297 2225 γὰρ
1324 2140 1401 2218 βου-

275 2244 379 2306 λτυταλ
401 2244 437 2306 τὰ
458 2248 521 2307 τῶν
544 2244 631 2310 εύιου
653 2244 759 2318 ἕξουσι
782 2244 892 2309 δίκαια.
939 2243 1106 2328 Προςτίθει
1127 2244 1247 2320 τούτοις
1267 2243 1319 2307 καὶ
1340 2241 1401 2318 οδς
1483 2313 1484 2322 ,

274 2346 294 2432 τ)
319 2343 372 2408 τοῦ
395 2344 559 2411 θειοτάτου
583 2349 670 2434 ημῶν
691 2347 850 2431 βασιλέως
871 2348 1020 2434 ἐπενόησε
1050 2346 1188 2424 διάταξις
1215 2344 1400 2418 κελεύουσα,

275 2450 361 2535 ἡνίκα
382 2473 427 2527 τις
449 2450 606 2537 ἐμμιγῄῑῐ)
632 2454 684 2515 τινί
711 2450 829 2534 γυναικί
855 2451 891 2514 ού
914 2453 1027 2536 γαμικῇ
1050 2449 1206 2526 διαθέσει,
1234 2450 1270 2534 ῆν
1293 2447 1327 2509 ἐκ
1350 2447 1400 2509 νό-

224 2568 342 2635 λθμων
375 2553 511 2638 γαμετὴν
545 2549 624 2641 έγειν
660 2553 715 2618 ούκ
744 2551 914 2628 ἐκωλύετο,
943 2552 1006 2631 εἴγε
1035 2552 1176 2643 τεγθείεν
1206 2549 1350 2615 ἐντεῦθεν
1359 2549 1399 2631 ¹⁸)
1484 2557 1485 2562 ’

276 2653 394 2732 παῖδες,
420 2659 473 2740 τῆς
495 2653 530 2718 δὲ
552 2659 687 2742 στοργῆς
716 2653 863 2720 ἐντεῦθεν
895 2657 1124 2743 αὐξανομένης,
1155 2657 1295 2742 προικῷα
1317 2657 1400 2738 πρός

276 2755 370 2843 αὐτην
393 2757 566 2841 συμβόλαια
589 2759 759 2844 ποιήσηται,
784 2759 857 2836 τοὺς
879 2760 1047 2848 τεχθέντος
1069 2757 1160 2847 ῆτδις
1174 2757 1344 2848 τεγθείσας
1360 2755 1399 2820 ού

273 2859 370 2943 μόνον
400 2859 471 2936 τοὺς
494 2861 575 2940 μετά
602 2863 656 2947 τῆν
684 2859 739 2926 τοῦ
766 2861 923 2948 προικῴου
958 2865 1083 2949 γραφὴν
1111 2863 1260 2947 ἐννόμους
1288 2862 1339 2924 καὶ
1366 2861 1403 2924 in

274 2967 434 3045 potestate
457 2963 596 3042 γίνεσθαι
617 2969 681 3039 τοῖς
704 2968 865 3049 πατράσιν,
886 2967 1028 3031 ἀλλὰκαὶ
1051 2967 1122 3043 τοδς
1144 2969 1205 3050 πρό
1228 2970 1291 3030 τῶν
1314 2988 1402 3050 πριιι-

110 3091 112 3094 ·
226 3078 257 3129 25
275 3064 368 3151 κῴων
391 3064 570 3153 τεχθέντος·
594 3066 647 3130 δεῖ
664 3068 726 3152 γὰρ
750 3069 877 3145 τούτους
897 3069 1044 3150 τιμᾶσθαι
1069 3069 1141 3145 τούς
1157 3070 1217 3152 πρὸ
1234 3072 1295 3132 τῶν
1311 3090 1402 3154 πρατ-

274 3171 366 3254 κῷων
388 3168 610 3256 τεγθένταςθ),
634 3169 664 3232 οἳ
685 3174 733 3234 κοί
756 3176 819 3248 τοῖς
839 3172 921 3254 μετὰ
944 3177 1039 3236 ταῦτα
1062 3171 1217 3258 πρόφασιν
1238 3167 1403 3259 παρέσχον

276 3275 328 3336 τοῦ
351 3270 521 3359 κτήσασθαι
545 3273 578 3333 τό
600 3275 783 3353 τιμιώτατον
805 3279 867 3337 τῶν
892 3273 1027 3359 νομίμου
1051 3274 1169 3341 παίδων
1192 3272 1299 3356 όνομο.
1322 3298 1403 3356 κρα-

274 3375 337 3440 τεῖν
360 3371 397 3438 δὲ
420 3375 510 3440 τοῦτο
533 3375 549 3438 ύ
573 3373 734 3452 θειότατος
756 3377 844 3462 ἡμῶν
867 3375 1011 3442 ἐκέλευσε
1038 3377 1232 3461 βασιλεδςδί)
1263 3375 1311 3440 ἐπὶ
1333 3383 1403 3454 τοῖς

276 3477 447 3566 γεννηθεῖσι
474 3481 535 3565 πρὸ
565 3481 627 3543 τῶν
657 3478 822 3566 προικςόοιν
852 3479 1111 3566 συμβολαίων,“)
1147 3477 1175 3544 ελ
1201 3477 1250 3543 καί
1277 3475 1403 3565 μηδένα

345 3775 366 3838 1)
385 3779 481 3834 τουτ’).
500 3768 599 3841 ἄκυρος
616 3771 658 3825 Vi.
676 3771 708 3825 R.
788 3771 846 3842 1)ῆ
864 3772 942 3826 omiti
959 3785 1020 3825 oum
1040 3771 1076 3824 M.
1095 3770 1124 3824 P.
1145 3768 1188 3826 Vi.
1205 3769 1237 3823 R.
1314 3769 1339 3837 ⁸)
1357 3770 1400 3822 δι’

276 3858 313 3912 ὧν
332 3859 374 3913 Vi.
393 3859 427 3913 R.
528 3860 552 3913 1)
571 3860 618 3910 τοῦ
636 3875 685 3914 τοι.
703 3857 733 3911 Ρ.
836 3855 937 3925 ⁶)010v
956 3857 981 3908 οί
999 3856 1045 3911 V.:
1064 3854 1121 3910 οἷον
1139 3856 1166 3909 in
1184 3855 1214 3909 P.
1305 3856 1328 3918 ⁶)
1346 3859 1399 3908 τοῦ

276 3964 299 3998 τ.
318 3963 339 3998 ο,
359 3945 383 3999 d.
403 3945 435 3999 V.
539 3945 561 4011 7)
581 3945 702 4008 -όμεθα
720 3944 767 3998 Ll.
787 3943 818 4000 F.
932 3945 955 4012 8)
971 3943 1098 3996 -τίσθοι
1118 3941 1158 3994 Vi.
1178 3941 1209 3996 R.
1312 3941 1336 4008 ⁹)
1354 3943 1401 3994 καλ

276 4030 319 4084 οδ.
340 4029 380 4084 Vi.
398 4030 430 4084 R.
509 4031 545 4099 ¹⁰)
564 4030 605 4084 αδ.
624 4045 684 4084 oum
702 4030 744 4084 Vi.
763 4028 795 4083 R.
900 4032 935 4099 11)
954 4029 1032 4098 ἐμίγη
1049 4030 1092 4084 vi.
1110 4027 1142 4082 R
1217 4025 1252 4094 11)
1271 4027 1398 4080 ἐνταῦθα

277 4114 309 4170 V.
328 4116 357 4167 ἐκ
376 4114 476 4184 ταύτης
496 4113 536 4169 vi.
554 4113 586 4171 R.
692 4115 1072 4186 11)υετ1)οδεῖ-τεγθίντιις
1094 4113 1154 4169 add.
1173 4123 1207 4169 tx
1225 4114 1263 4170 M.
1281 4112 1329 4166 11¹.
1348 4112 1401 4167 12⁹.

276 4201 396 4269 14)βοσ.
414 4201 451 4254 ἐκ.
469 4201 500 4255 V.
606 4203 642 4270 1θ)
661 4203 686 4256 d.
704 4201 753 4255 11⁶.
773 4203 815 4257 Vi.
834 4201 866 4256 R.
