3058 4890
584 447 816 517 -23'1-

140 656 210 708 rum
242 637 374 710 haberet
408 634 627 718 palummum
661 651 789 717 purum,
817 632 921 708 0000
945 633 1084 717 legauit:
1113 631 1256 702 naara

135 763 214 824 sual
236 755 402 828 mtinendi.
445 756 521 838 quid
551 755 577 819 si
600 751 705 819 GOOL
732 752 875 837 legauit?
894 760 1016 820 octaua
1041 770 1115 836 pers
1140 751 1256 818 setim

134 876 241 954 bitur,
264 882 375 940 octaua
397 893 469 957 pars
492 880 596 940 auum
620 871 723 938 0000
746 873 781 938 L.
805 873 901 940 habet
921 874 1019 954 igitur
1040 874 1132 938 heres
1155 889 1192 936 cx
1215 880 1259 937 te·

139 993 268 1058 statoris
290 993 451 1058 uoluntate
473 992 509 1070 L,
532 1012 569 1057 ex
591 991 659 1074 lege
681 990 760 1057 alios
788 991 831 1069 L,
858 991 912 1072 qui
939 989 1031 1057 simui
1054 992 1258 1072 quadrantem

140 1109 287 1180 efficiunt
337 1111 364 1175 si
394 1109 421 1174 D
455 1109 575 1193 legauit
606 1130 676 1176 curn
706 1107 809 1178 0000
843 1109 1062 1190 patrimonium
1096 1109 1292 1175 uabmsscto

141 1231 272 1314 (legauit
299 1236 403 1295 eutem
426 1227 454 1302 D
482 1232 539 1296 hoc
568 1230 679 1308 modo;
713 1229 817 1296 Primo
840 1227 880 1308 0,
907 1227 1051 1296 &cundo
1084 1227 1125 1305 0,
1154 1227 1258 1294 Tertio

141 1350 259 1428 Quarto
282 1349 395 1434 Quinto
408 1347 542 1431 siugulis
565 1350 618 1432 O),
642 1357 715 1415 ante
730 1349 839 1416 omnia
861 1350 945 1431 quod
967 1353 1112 1430 superest
1130 1347 1258 1414 deduci·

141 1477 204 1542 tur,
225 1467 312 1534 idest
329 1467 462 1550 siugulis
485 1469 597 1549 legatis
619 1469 728 1549 quinta
750 1487 822 1548 pars
851 1467 992 1533 aufertur
1014 1467 1066 1533 ita
1092 1473 1127 1532 ut
1155 1466 1258 1547 singu·

140 1585 180 1652 lis
202 1586 360 1668 legatariis
383 1585 498 1652 LXXX
520 1586 608 1651 aurei
627 1596 786 1652 maneant.
830 1587 942 1652 deinde
964 1605 1003 1651 ex
1023 1585 1147 1652 falcidia
1169 1585 1260 1652 heres

140 1705 289 1772 retinebit
310 1725 348 1771 cx
368 1706 498 1789 siugulis
527 1705 685 1787 legatariis
715 1707 841 1771 uicenos
864 1724 975 1772 aureos
1007 1707 1113 1788 sicque
1146 1704 1206 1771 sibl
1234 1704 1311 1772 (llo

142 1841 254 1891 aureos
275 1833 414 1906 quaeret,
438 1826 519 1891 idest
540 1828 743 1908 quadrantem
767 1825 957 1892 hereditatis.
981 1827 1140 1893 habebunt
1155 1834 1259 1892 autem

141 1944 255 2025 singuli
278 1946 433 2027 legatarii,
460 1947 573 2027 quibus
596 1948 716 2018 conteni
745 1949 833 2016 aurei
855 1945 958 2014 relicti
980 1947 1123 2028 luerunt,
1145 1965 1258 2016 aureos

143 2081 321 2146 sexagenos.

268 2709 314 2776 lle
333 2707 628 2778 fideicommissariis
650 2709 887 2780 hereditatibus.
930 2709 1055 2775 Titulus
1077 2710 1128 2775 23.

229 2892 308 2964 cum
331 2879 369 2966 de
390 2895 502 2976 legatis
524 2896 777 2973 tractauerimus,
801 2896 840 2966 ad
862 2893 1101 2965 fideicommissa
1123 2901 1260 2964 nausea·

138 2999 222 3091 mus,
244 3030 378 3093 quorum
400 3014 463 3080 alia
483 3013 654 3095 singularia
676 3021 758 3091 sunt,
776 3013 844 3079 alia
873 3014 1074 3082 uniuersalis
1114 3022 1152 3081 et
1172 3015 1259 3098 prius
1279 3036 1311 3088 lo
1398 3035 1401 3044 ’

144 3132 183 3198 de
205 3134 431 3199 hereditatibus
452 3133 745 3201 fideicommissariis
768 3136 978 3217 dispiciamus,
1002 3137 1115 3202 deiude
1137 3137 1175 3201 de
1197 3135 1260 3200 slu-

103 3274 126 3326 1.
146 3253 226 3333 gulis
249 3253 342 3318 rebus
364 3271 420 3334 per
442 3251 711 3320 fideicommissum
734 3253 850 3320 relictis
872 3255 1056 3321 uidebimus,
1104 3258 1131 3319 1.
1166 3257 1208 3320 Et
1229 3257 1260 3320 in

143 3372 251 3452 primis
288 3370 327 3436 de
365 3391 472 3437 eorum
511 3373 629 3455 origiue
668 3375 876 3456 dispiciamus.
938 3373 1011 3441 olim
1051 3373 1176 3457 quidem
1216 3379 1261 3440 in-

144 3488 234 3554 firma
256 3493 359 3556 omnia
384 3490 622 3557 fideicommissa
651 3499 756 3567 erant3
785 3511 875 3559 nemo
903 3493 984 3558 enim
1011 3495 1130 3560 inuitur
1158 3513 1194 3559 ea
1222 3495 1260 3559 iis

145 3615 305 3688 praestare
328 3611 511 3692 cogebatur,
542 3612 655 3692 quibus
684 3620 813 3693 rogatus
835 3611 946 3678 luerat.
992 3614 1080 3696 origo
1102 3622 1205 3679 autem
1227 3613 1259 3678 fi·
1278 3614 1313 3667 2⁰
