2990 4884
585 413 796 478 ..87-

124 619 229 682 nequo
249 606 374 667 tutores
396 605 598 668 curatoresue
619 617 719 683 neque
741 617 850 668 eorum
872 599 1071 668 fideiussores
1094 599 1244 668 indemni·

124 725 223 784 tatem
253 717 371 802 pupilio
393 725 554 802 praestare
575 719 713 802 possint,
744 723 820 784 tune
847 719 902 802 qui
930 720 970 785 ab
997 719 1047 784 his
1068 719 1246 790 satisdatio

125 854 196 902 nem
226 839 403 919 acceperint
432 839 553 906 actione
578 839 610 903 in
640 837 756 904 factum
786 839 989 917 tenebuntur,
1018 856 1100 919 qaae
1129 839 1245 906 ideirco

125 955 317 1022 subsidiaria
339 963 389 1023 est
415 963 537 1023 uocata.
589 957 684 1022 datur
710 963 816 1023 autem
845 975 915 1023 cum
944 957 1069 1024 omnino
1097 956 1246 1056 satisdari

124 1094 187 1142 non
210 1076 401 1157 curauerint,
423 1076 530 1160 quiid
553 1075 654 1142 iacere
677 1083 875 1154 consuerunt,
899 1083 955 1142 aut
976 1076 1157 1143 eurauerint
1178 1077 1245 1160 qui·
1279 1090 1296 1140 o

124 1198 211 1272 dem,
234 1215 295 1262 non
318 1205 424 1263 autem
445 1197 575 1265 idoneos
597 1199 682 1280 passi
704 1198 766 1263 sint
782 1215 902 1263 cauere.
937 1195 1125 1264 subsidiaria
1139 1202 1244 1262 autem

125 1317 207 1382 aetio
235 1316 319 1382 etin
346 1315 478 1382 heredes
507 1317 600 1382 datur
628 1317 710 1382 siout
737 1323 769 1382 et
802 1315 991 1398 prudentum
1026 1315 1184 1396 responsis
1213 1320 1246 1381 et

76 1443 105 1495 a.
123 1433 349 1517 principalibus
372 1435 648 1504 constitutionibus
669 1437 855 1505 continetur.
899 1435 930 1500 3.
963 1434 1084 1514 Quibus
1114 1438 1146 1499 et
1166 1432 1245 1500 illud

123 1561 265 1634 cauetur,
288 1560 325 1620 ut
346 1555 400 1636 qui
421 1561 544 1621 tutores
566 1561 767 1622 curatoresue
790 1557 855 1621 dati
878 1556 958 1635 aiut,
984 1555 1043 1620 nisi
1070 1552 1169 1620 uelint
1195 1571 1245 1619 sa-

121 1674 242 1739 tisdare
263 1675 304 1740 ob
326 1674 626 1743 administrationem
648 1695 746 1755 suam,
770 1677 869 1759 captis
884 1675 1066 1759 pigneribus
1082 1692 1245 1741 coercean·
1264 1695 1296 1746 10

121 1801 192 1858 tur:
215 1793 299 1860 idest
321 1801 356 1858 ut
379 1814 415 1861 er
439 1796 528 1861 bonis
551 1812 659 1860 eorum
681 1794 798 1878 aliquid
826 1795 914 1859 iussu
945 1795 1146 1876 magistratus
1175 1792 1243 1860 loco

73 1920 103 1970 4.
121 1912 262 1994 pigneris
285 1911 434 1992 capiatur.
463 1915 493 1977 4.
517 1913 627 1996 Neque
648 1915 764 1980 Romae
786 1912 962 1996 praefectus
985 1911 1056 1979 urbi
1078 1919 1134 1980 aut
1154 1931 1242 1995 prae·

123 2041 186 2110 tor,
208 2048 309 2111 neque
331 2033 362 2096 in
385 2031 555 2113 prouinciis
576 2051 703 2113 praeses
725 2033 915 2099 subsidiaria
940 2033 1064 2100 audone
1092 2033 1244 2100 tenebun-

121 2162 196 2232 tur‚·
220 2157 268 2217 set
288 2149 323 2215 bi
345 2151 577 2231 tantummodo,
606 2151 659 2232 qui
685 2152 837 2216 eiusmodi
867 2151 1090 2218 satisdationes
1119 2152 1243 2242 exigere

122 2270 236 2337 solent.
1264 2275 1294 2326 15

400 2918 446 2984 De
469 2919 727 2987 excusationibus.
773 2918 895 2984 Titulus
918 2919 967 2984 25.

209 3104 280 3171 Non
302 3110 424 3171 tantum
445 3105 478 3171 id
501 3105 583 3187 quod
606 3105 804 3188 exposuimus
832 3106 917 3172 inter
944 3112 1064 3174 tutores
1093 3113 1126 3172 et
1153 3125 1241 3173 oura-

119 3233 209 3290 tores
231 3242 392 3291 commune
415 3232 472 3304 est
495 3231 531 3290 ut
545 3225 699 3292 satisdare
714 3231 874 3310 cogantur,
891 3232 941 3292 set
954 3224 1032 3290 illud
1048 3227 1141 3291 etiam
1157 3226 1241 3306 quod

120 3344 258 3424 utrique,
280 3362 351 3411 eum
373 3345 413 3410 ad
435 3363 501 3411 rem
522 3345 690 3426 gerendam
713 3351 873 3423 nocentur,
896 3343 1096 3411 excusatione
1111 3345 1156 3410 uti
1172 3363 1242 3427 pos·

120 3464 196 3529 sint.
240 3482 312 3530 oum
333 3464 415 3530 enim
437 3464 498 3545 legi
520 3464 659 3545 ignotum
687 3481 748 3529 non
778 3469 878 3539 esset,
905 3463 1132 3531 incommodum
1162 3465 1240 3532 adeo

120 3589 155 3648 et
175 3581 342 3648 molestum
365 3601 433 3650 esse
455 3601 534 3650 onus
555 3584 686 3662 tutelae,
709 3583 924 3650 excusationes
946 3603 983 3648 ex
1012 3581 1145 3648 diuersis
1168 3602 1241 3650 rau·
1258 3603 1292 3654 ao

120 3701 166 3768 sis
188 3703 373 3782 introdurdt,
397 3721 529 3786 quarum
552 3723 615 3771 una
636 3704 691 3787 qui
713 3722 789 3770 usus
810 3703 916 3782 fuerit,
943 3702 1065 3784 pondus
1088 3703 1239 3771 euaderet

120 3820 242 3890 tutelae
263 3829 320 3890 aut
342 3841 444 3890 aurae.
489 3825 672 3907 plerumque
694 3827 799 3890 autem
821 3829 948 3906 propter
974 3823 1089 3890 liberos
1118 3829 1240 3890 nosmet
