3096 4890
703 407 871 468 21-,

852 591 879 651 ‘n
905 596 1015 656 uentre
1042 595 1091 655 est
1111 587 1164 654 uel
1185 587 1288 654 medio

958 725 1043 772 nnutu
1067 713 1124 773 ast.
1173 708 1200 769 1.
1227 703 1289 784 Qui

1042 843 1114 890 anns
1143 823 1291 891 seruiarit

1065 947 1150 1010 „ione
1173 943 1288 1009 incom-

1026 1089 1034 1125 ι
1065 1061 1291 1129 constitutioni·
1324 1059 1342 1111 ὅ

984 1187 1110 1250 sionem
1140 1201 1202 1250 nou
1225 1179 1291 1250 offi-

934 1306 1001 1368 ‚ndo
1025 1301 1178 1384 contingit
1199 1308 1235 1368 ιι
1256 1301 1292 1366 li·

900 1427 1100 1489 ilnstramna.
1138 1420 1292 1488 habebam

855 1546 986 1609 ..trabat
1008 1542 1092 1607 mihi.
1126 1559 1207 1624 quaa
1222 1557 1292 1606 cum

801 1717 807 1729 .
833 1682 963 1746 puerum
986 1661 1165 1744 relinquens
1188 1660 1293 1727 denes·
1312 1659 1344 1712 ¹⁰

784 1787 841 1848 ssi.
877 1785 969 1850 heras
990 1789 1096 1848 autam
1119 1798 1208 1846 meus
1222 1796 1293 1847 cum

741 1922 776 1982 ι,
807 1904 932 1987 putauit
960 1921 1031 1969 aum
1060 1919 1188 1968 seruum
1214 1916 1293 1972 esse,

703 2031 736 2097 t,
764 2038 853 2086 suam
880 2019 1091 2086 condicionem
1118 2017 1292 2100 ignorabat

678 2150 741 2218 nst,
775 2145 904 2222 propter
928 2136 1054 2204 heredis
1085 2134 1295 2218 ignorantiam

625 2300 632 2324 ι
675 2258 743 2326 aius
784 2257 1012 2340 ingenuitatem
1051 2275 1112 2322 non
1152 2255 1295 2333 mutauit,
1315 2269 1346 2321 ιι

591 2381 700 2445 utentia
722 2385 826 2447 motus
849 2396 919 2445 aum
947 2376 1176 2443 manumiserit:
1203 2374 1296 2442 liber·

549 2503 633 2578 tata,
655 2500 702 2566 uti
725 2499 844 2566 dictum
867 2505 925 2576 ast,
947 2504 1076 2582 propter
1097 2485 1208 2566 falsam
1230 2513 1296 2564 ser·

515 2621 716 2702 mgennitatis
739 2622 905 2688 maritatam
927 2637 988 2686 non
1011 2617 1119 2686 laedit.

507 3229 554 3296 Da
574 3227 741 3298 libertinis.
784 3225 909 3296 'situlus
932 3229 963 3294 5.

306 3384 401 3447 nimus
423 3381 551 3461 quinam
580 3383 644 3447 sint
672 3380 819 3467 ingenui;
845 3382 907 3447 iam
937 3386 988 3448 ast
1014 3384 1050 3447 nt
1077 3380 1117 3446 da
1144 3377 1298 3448 libertinis
1315 3385 1351 3437 ιι

278 3518 386 3563 namus.
431 3497 596 3567 libertinus
618 3499 745 3581 estqui
767 3520 805 3567 ax
833 3503 917 3568 iusta
946 3501 1102 3568 seruitute
1131 3503 1299 3568 manumis-

258 3625 315 3682 est.
366 3619 448 3685 adda
477 3627 510 3686 at
542 3619 733 3702 »legitima«.
784 3629 833 3688 est
859 3623 957 3704 igitur
983 3621 1151 3689 libertinus
1177 3621 1232 3704 qui
1260 3641 1300 3688 aa

197 3745 260 3801 ,sta
280 3736 482 3822 legitimaque
503 3739 658 3806 seruitute
680 3745 728 3807 ast
749 3743 968 3807 manumissus.
1011 3740 1154 3808 additum
1176 3745 1226 3807 ast
1247 3742 1301 3807 da·

176 3855 306 3920 :initinni
333 3857 454 3916 -ῑιιιιιι
478 3862 514 3924 ιιι
540 3877 613 3925 aum
642 3858 775 3926 eximam
802 3860 857 3941 qui
883 3859 1060 3942 ignorantia
1089 3879 1168 3928 suaa
1194 3858 1300 3928 noadi-
