3058 4890
614 404 845 466 -221-

176 587 319 669 legatarii
345 589 501 656 hominem
528 591 663 673 eligendi
685 591 852 670 licentiam,
874 608 966 672 qnem
988 590 1158 671 legatarius
1180 590 1290 656 niuens

176 725 234 772 non
257 708 423 788 optauerit.
461 709 698 790 diligentissime
720 716 824 775 antem
847 728 917 776 oum
938 710 1016 776 haec
1038 715 1191 774 tractaret
1211 708 1289 774 illud

175 845 297 908 quoqne
319 846 395 894 sune
417 830 530 895 adiecit
552 831 774 897 constitutioni.
819 848 888 896 cnm
912 829 983 896 olim
1014 831 1136 897 duobus
1164 831 1290 912 quibus-

176 944 246 1011 dam
270 946 319 1013 nel
341 948 483 1030 pluribus
506 948 632 1030 optione
654 949 780 1024 relicta,
803 950 830 1013 si
857 950 896 1015 de
924 951 1048 1030 optione
1076 968 1136 1015 non
1164 967 1291 1014 consen-

174 1069 279 1147 tirent,
301 1073 351 1133 set
371 1088 452 1134 nnus
474 1066 624 1148 Stichum,
647 1070 843 1151 Pamphilum
871 1069 951 1134 alter
978 1067 1122 1150 eligeret,
1150 1087 1187 1135 ex
1214 1085 1290 1148 quo·
1324 1095 1340 1144 5

174 1187 304 1251 rundam
326 1189 524 1268 prudentium
547 1189 703 1254 sententia
725 1207 864 1270 eousque
884 1190 979 1270 legati
1006 1188 1115 1270 petitio
1144 1192 1287 1264 cessaret,

173 1305 271 1371 donec
292 1307 510 1386 conuenirent,
534 1328 571 1374 ex
592 1307 725 1374 aliorum
756 1285 860 1374 autem
889 1314 1017 1390 propter
1045 1308 1289 1375 controuersiam

174 1425 420 1504 extingueretur,
453 1426 484 1492 in
519 1428 627 1492 eadem
660 1428 882 1494 constitutione
914 1429 1006 1492 iussit
1039 1430 1106 1494 sine
1139 1429 1288 1508 legatario
1361 1486 1363 1491 ,

172 1546 277 1627 plures
299 1548 458 1614 extiterint
477 1550 618 1630 heredes,
634 1551 687 1633 qui
704 1552 742 1616 de
757 1550 907 1616 electione
922 1547 1118 1622 dissentiant
1140 1548 1208 1614 sine
1224 1550 1290 1630 pln-

173 1684 223 1730 res
245 1667 405 1733 extiterint
425 1667 567 1748 legatarii
587 1669 642 1749 qni
664 1670 703 1734 de
724 1670 847 1734 homine
869 1668 1010 1750 eligendo
1032 1669 1114 1734 inter
1136 1686 1205 1734 sese
1227 1686 1340 1749 non10

172 1787 368 1866 conueniant,
391 1788 528 1868 legatum
550 1789 675 1868 quidem
690 1807 751 1853 non
774 1789 899 1870 peremi,
924 1788 997 1855 licet
1010 1787 1194 1870 plerumque
1216 1807 1288 1870 prn-

173 1905 311 1971 dentium
333 1907 395 1972 alia
416 1908 510 1972 fuerit
529 1909 685 1974 sententia
707 1909 857 1990 aequitati
879 1907 1051 1988 contraria3
1074 1915 1123 1974 set
1137 1905 1288 1973 eiusmodi

172 2027 328 2108 optionem
351 2028 420 2092 sine
442 2028 623 2093 electionem
650 2028 794 2094 fortunae
822 2028 972 2093 committi
999 2028 1134 2108 indeque
1160 2028 1192 2092 id
1220 2045 1288 2092 esse

173 2145 387 2211 dirimendum.
432 2153 517 2212 sorte
540 2147 620 2212 enim
642 2149 733 2220 iactu,
757 2148 807 2212 cui
829 2147 861 2211 id
884 2165 952 2213 sors
976 2148 1108 2221 dederit,
1132 2145 1287 2228 optionem

172 2264 239 2348 siue
262 2263 443 2332 electionem
465 2267 610 2347 hahebit;
637 2267 732 2346 idque
761 2272 880 2332 ceteros
908 2266 1076 2346 legatarios
1104 2266 1171 2330 sine
1200 2264 1339 2356 here-15

172 2383 227 2448 des
249 2384 391 2465 sequitur
412 2387 443 2450 id
468 2387 654 2467 accipientes
680 2385 812 2468 quodie
834 2383 973 2466 elegerit,
997 2384 1047 2450 cui
1070 2402 1138 2450 sors
1164 2382 1287 2449 fauerit.

119 2504 222 2568 2424.
256 2503 321 2570 Illis
350 2511 472 2571 tantum
499 2501 605 2586 legare
631 2524 812 2588 possumus,
850 2525 918 2572 cum
952 2505 1065 2586 qnihns
1097 2504 1288 2569 testamenti·

119 2633 163 2686 ao.
172 2625 337 2692 factionem
359 2627 520 2692 habemns.
565 2627 615 2691 25.
651 2624 785 2691 Incertis
813 2624 954 2707 personis
981 2643 1082 2706 neque
1111 2624 1215 2703 legata
1236 2640 1286 2685 ne·

172 2765 233 2827 qne
255 2745 491 2812 fideicommissa
513 2745 687 2827 relinquere
710 2746 792 2813 licet.
837 2765 937 2828 neque
964 2749 1086 2810 tantum
1115 2742 1146 2806 id
1174 2744 1205 2806 in
1234 2760 1288 2823 pa·

171 2884 323 2946 ganornm
345 2868 539 2932 testamentis
562 2868 695 2947 optinet,
719 2872 768 2930 set
796 2883 896 2946 neque
918 2864 1068 2929 militibus
1098 2863 1286 2940 conceditur,
1305 2890 1339 2942 20

173 2985 220 3049 uti
241 2986 333 3051 diuus
360 2984 538 3053 Hadrianus
567 2986 738 3067 rescripsit.
783 2984 907 3052 Incerta
936 2991 1040 3050 autem
1068 3002 1202 3066 persona
1230 2987 1286 3058 est,

172 3121 265 3184 qnam
293 3106 412 3171 incerta
439 3107 583 3187 opinione
610 3106 713 3171 animo
740 3123 796 3171 sao
823 3111 955 3172 testator
982 3106 1129 3183 subiecit,
1160 3105 1198 3169 de
1224 3122 1287 3186 qna

171 3225 381 3304 interrogatus
404 3224 481 3290 nihil
502 3226 581 3292 certi
609 3225 720 3291 afferre
746 3234 861 3307 posset.
906 3223 1006 3291 ueluti
1031 3225 1059 3290 si
1081 3224 1152 3308 quis
1173 3223 1219 3289 ita
1242 3222 1288 3288 di·

171 3350 237 3409 cat:
268 3345 502 3426 quicumque
528 3343 616 3411 filio
644 3364 726 3410 meo
755 3344 880 3410 liliam
904 3364 1010 3410 snam
1033 3344 1072 3411 in
1094 3343 1287 3409 matrimo-

172 3463 273 3528 nium
295 3462 560 3530 ‘collocauerit
587 3483 607 3530 a
634 3483 714 3530 meo
743 3465 890 3531 herede
918 3467 1026 3556 illum
1048 3464 1206 3532 fundum
1229 3482 1337 3547 aeq,

171 3582 307 3664 cipiat.
359 3585 411 3652 uel
436 3587 496 3652 ita:
531 3584 681 3670 eisqui
710 3585 827 3667 primi
858 3597 948 3669 post
976 3594 1140 3653 mortem
1170 3602 1286 3650 meam
