3058 4890
606 456 645 466 -
691 419 838 498 2502?

159 625 243 681 mur.
287 624 412 690 possum
436 605 527 687 enim-
541 606 687 686 heredem
710 625 812 687 meum
835 625 960 700 rainere,¹
983 605 1127 688 utilium
1156 623 1283 692 sarnum

165 744 265 791 meum
289 727 498 806 manumittat,
521 724 574 790 uel
595 724 780 807 legatarium
803 726 853 792 uel
876 723 1204 802 fideicommissariam.
1226 743 1283 793 nea

165 847 295 911 interest
316 853 423 911 utrum
446 847 485 912 da
508 864 575 912 meu
600 864 693 912 seruo
715 865 821 928 regem
844 864 883 918 aa
906 846 945 916 de
960 865 997 911 eo
1012 845 1065 928 qui
1081 841 1206 910 heredis
1227 851 1283 910 ant

158 963 307 1046 legatarii
341 973 397 1030 aut
424 964 587 1031 cniusdam
616 966 756 1031 extranei
785 967 835 1031 sit.
889 983 1014 1048 possum
1048 965 1128 1030 enim
1163 962 1281 1030 dicere:

166 1103 280 1165 »rogo
315 1090 378 1163 te,
418 1085 529 1151 heres
570 1085 622 1150 uei
654 1086 849 1168 legatarie
882 1093 923 1152 ut
956 1085 1058 1166 hunp
1090 1084 1282 1166 hominem
1316 1085 1334 1139 ⁶

157 1212 270 1267 tuum
296 1201 346 1268 uel
369 1205 513 1270 Maeuii
542 1224 693 1272 seruum
723 1204 1009 1286 manumittas«,
1055 1205 1177 1298 sugitur
1200 1204 1281 1286 enim

161 1322 244 1386 hune
265 1324 418 1389 redimere
441 1333 535 1406 atque
557 1327 785 1391 manumittere.
829 1325 940 1406 quodsi
962 1324 1105 1391 domiuus
1127 1341 1198 1389 eum
1219 1340 1280 1388 non

157 1443 279 1507 uendat
302 1446 375 1525 (nou
399 1447 480 1509 enim
503 1449 570 1528 cogi
593 1448 720 1529 potest),
744 1466 804 1511 non
827 1446 910 1513 dieat
932 1447 1002 1528 quis
1030 1445 1168 1525 extingui
1190 1441 1282 1509 liber·

158 1567 258 1625 tatem
275 1581 331 1642 per
345 1562 613 1630 fideicommissum
629 1566 786 1632 relictam:
802 1584 872 1629 nem
896 1583 934 1631 ea
954 1565 1058 1646 potius
1080 1565 1112 1628 in
1134 1561 1281 1644 pendenti

161 1687 327 1762 astatque
350 1682 493 1749 differtur
516 1694 561 1764 et,
584 1684 611 1749 si
640 1703 775 1766 unquam
803 1682 872 1749 fieri
901 1682 1033 1765 poterit,
1058 1681 1280 1764 praestabitur.
1300 1688 1333 1741 ιο

160 1800 238 1867 haec
260 1821 336 1868 uero
359 1801 387 1868 si
410 1803 495 1868 serui
518 1804 662 1872 dominus
685 1803 759 1870 nihil
787 1823 824 1872 aa
852 1803 964 1872 iudidio
994 1801 1155 1868 testatoris
1177 1819 1281 1884 perce·

161 1923 223 2002 pit3
246 1942 317 1986 nam
340 1922 368 2002 si
390 1924 466 2007 qnid
489 1944 525 1988 ex
547 1923 685 2004 defuncti
701 1925 862 2004 uoluntate
877 1930 1061 2002 consaeptus
1077 1929 1134 2006 est,
1156 1923 1280 2004 pmninu

162 2060 291 2120 seruum
314 2040 452 2110 alienare
475 2044 606 2126 cogitur.
640 2045 781 2125 sisaram
804 2063 872 2125 maa
894 2040 1210 2124 fideicommissariam
1232 2061 1281 2123 ta·-

162 2161 282 2242 iiquaro
309 2163 502 2241 libertatem,
536 2162 745 2240 manumissus
772 2181 859 2242 meus
891 2161 1023 2228 libertus
1052 2178 1113 2226 nun
1145 2159 1200 2226 fiet
1231 2165 1281 2228 set

162 2283 239 2360 aine,
263 2285 315 2362 qni
339 2282 563 2363 manumiserit,
586 2285 640 2364 qui
662 2303 773 2364 nempe
793 2283 910 2359 tautum
933 2279 1090 2349 addiderit
1114 2279 1280 2360 manumis·
1299 2292 1332 2344 lt

159 2401 268 2466 sionis.
313 2402 488 2468 sinautem
513 2405 630 2469 directo
653 2422 780 2482 sernum
802 2421 904 2484 meum
931 2399 1063 2479 iiberpm
1093 2418 1161 2467 esse
1183 2401 1280 2482 iusse-

161 2519 238 2597 rim,
273 2521 336 2585 dixi
366 2521 461 2594 euim:
499 2524 637 2588 »iuben
671 2521 843 2604 Stichum
876 2520 1045 2602 liberum
1079 2537 1191 2602 esse«
1229 2517 1279 2602 pel

166 2640 351 2706 »Stichus
374 2625 478 2720 iiber
500 2651 613 2724 esto«,
637 2643 768 2722 libertus
790 2660 878 2722 piena
893 2639 1017 2724 Stichus
1038 2637 1102 2733 fitia
1126 2647 1158 2720 ti
1172 2637 1280 2722 tuditi

161 2761 244 2842 apud
267 2761 502 2842 iurisconsultus
527 2763 715 2842 nurcinps
742 2763 946 2842 libertum
992 2759 1078 2840 illpm
1106 2777 1182 2839 pepo
1210 2764 1279 2838 tap-

162 2881 321 2956 tummodu
344 2901 470 2954 seruum
493 2901 594 2952 meam
619 2884 736 2948 direatn
759 2880 978 2960 manumittere
1000 2884 1189 2952 testamenta
1211 2893 1279 2959 pns-
1297 2887 1334 2940 an

162 3019 242 3079 sum,
263 3003 318 3082 qui
341 3008 475 3083 utruque
503 3009 644 3083 tempere
673 3004 703 3066 iu
732 3019 802 3066 maa
830 3001 925 3076 merit
951 3004 1124 3081 potestate,
1156 3003 1188 3063 et
1217 3013 1279 3097 quo

163 3127 349 3187 testamento
372 3122 496 3187 fecerim
519 3131 552 3186 et
573 3142 635 3205 quo
658 3129 799 3200 mortuns
829 3121 897 3187 sim.
947 3119 1065 3198 directo
1094 3122 1199 3196 autem
1227 3115 1279 3180 he·

163 3240 281 3305 reditas
304 3248 378 3308 tunc
401 3242 468 3306 dari
495 3242 630 3322 uidetur,
660 3260 729 3308 eum
758 3260 817 3308 nun
840 3237 936 3306 alium
965 3247 1098 3308 testator
1126 3240 1218 3320 rogat
1245 3236 1280 3299 ui
