3058 4890
618 381 849 446 ..219-

174 567 312 648 legatum
335 587 353 633 a
375 573 476 634 morte
506 567 666 634 testatoris
693 569 783 634 cedit
834 572 918 651 qnod
947 573 1051 636 autem
1081 569 1215 635 diximus
1241 587 1291 634 res

173 692 245 767 post
267 687 427 751 testatoris
448 693 578 752 mortem
601 689 759 770 quaesitus
780 688 931 770 legatario
961 707 1022 754 non
1045 688 1151 755 deberi
1173 686 1218 754 ita
1240 706 1292 753 ne·

173 824 243 870 rum
266 810 315 870 est
337 787 464 870 nisiex
494 806 588 872 rebus
614 805 824 888 peculiaribus
853 813 978 873 anctum
1006 807 1101 872 luerit
1126 807 1291 889 peculium.

173 930 210 988 ut
224 941 295 989 ecce
310 925 421 990 ancilla
436 925 469 988 in
483 925 605 1006 peculio
620 931 698 1005 erat,
714 943 794 1008 quae
808 927 944 1008 peperit:
962 925 1088 1000 fundus,
1103 927 1157 1007 qui
1171 926 1292 992 fruetus

174 1043 256 1108 tulit.
306 1043 518 1110 admonendus
546 1061 580 1109 es
611 1051 775 1126 praeterea
807 1063 934 1110 seruum
967 1050 1154 1110 testamento
1186 1062 1291 1108 manu·
1325 1052 1343 1103 o

173 1162 304 1227 missum
325 1161 481 1242 peculium
503 1182 564 1228 non
587 1165 686 1243 sequi.
735 1163 819 1244 quod
847 1164 875 1227 si
902 1165 983 1229 inter
1010 1163 1100 1228 uiuos
1130 1182 1201 1228 eum
1228 1183 1292 1228 ma-

174 1280 349 1363 numisero‚
376 1283 531 1364 peculium
558 1282 766 1348 manumissus
793 1283 937 1365 accipiet,
967 1283 1027 1348 nisi
1053 1284 1085 1348 id
1114 1281 1292 1366 specialiter

174 1400 354 1466 ademerim.
405 1401 499 1484 idque
527 1402 592 1468 dini
623 1401 760 1468 Seuerus
787 1409 819 1467 et
848 1402 1023 1468 Antoninus
1053 1402 1291 1484 rescripserunt.

174 1539 285 1588 seruus
307 1527 412 1588 autem
434 1541 522 1588 meus
538 1542 598 1588 non
621 1529 742 1588 tantum
765 1523 854 1588 eain
882 1520 1003 1604 peculio
1025 1523 1129 1600 habet,
1152 1539 1232 1602 quoe
1254 1540 1292 1586 ex

174 1661 369 1724 quacumque
391 1641 603 1709 consuluerit
624 1644 771 1724 adeptus,
800 1649 849 1708 set
871 1642 898 1707 si
920 1642 996 1724 quid
1018 1660 1074 1723 pro
1097 1660 1145 1707 me
1167 1641 1344 1706 domino1o

174 1737 231 1826 suo
258 1762 453 1842 expenderit,
487 1762 519 1826 id
550 1779 674 1843 quoque
700 1759 856 1846 peculium
884 1762 1020 1844 augebit.
1077 1768 1112 1826 ut
1144 1780 1215 1827 eece
1248 1762 1291 1826 M.

174 1899 340 1946 aureorum
362 1881 488 1964 quidam
510 1880 666 1962 peculium
688 1900 758 1947 oum
779 1882 908 1959 habeat,
938 1882 965 1947 si
994 1882 1022 1946 ei
1046 1880 1080 1946 O.
1104 1897 1216 1947 aureos
1240 1882 1292 1947 de·

174 2001 274 2077 bearn,
297 2017 375 2080 qnos
397 1999 449 2074 ille
470 2020 527 2082 pro
549 2019 599 2066 me
621 2002 817 2083 expenderit,
839 1999 994 2082 peculium
1018 2001 1079 2066 erit
1102 2000 1159 2066 MC
1182 2019 1292 2067 aureo·

173 2138 252 2185 rum.
275 2120 303 2183 si
324 2118 423 2200 igitur
439 2120 596 2186 eiusmodi
618 2140 744 2187 seruum
761 2127 947 2188 testamento
961 2123 1179 2202 manumisero,
1201 2123 1291 2202 eique

173 2239 328 2320 peculium
350 2239 514 2322 legauero,
538 2241 638 2306 eidem
660 2241 692 2305 M
715 2260 828 2307 aureos
850 2241 989 2307 debitum
1018 2240 1057 2307 iri
1081 2260 1141 2307 non
1162 2241 1342 2324 ambigi-15

173 2366 241 2438 tur3
263 2377 346 2425 nunc
368 2357 393 2423 G
415 2377 548 2442 quoque,
570 2377 648 2441 quos
670 2359 723 2425 ille
745 2367 874 2441 propter
892 2379 941 2425 me
957 2361 1122 2440 expendit?
1144 2367 1175 2424 et
1197 2361 1290 2426 iidem

174 2477 241 2543 diui
262 2479 417 2560 principes
439 2481 667 2559 rescripserunt
688 2480 746 2544 hos
761 2478 805 2543 illi
820 2496 882 2544 non
897 2484 1083 2563 competere,
1105 2496 1186 2560 quae
1209 2482 1290 2545 enim

173 2604 300 2680 praesto
322 2604 428 2664 essent
453 2601 553 2665 eidem
582 2599 704 2680 legasse
734 2600 860 2677 uideor,
893 2619 953 2665 non
987 2616 1068 2682 quae
1096 2600 1127 2663 in
1154 2601 1290 2665 rationes

174 2735 259 2782 meas
281 2719 487 2799 expendisset.
511 2719 559 2784 sin
582 2725 688 2785 autem
709 2720 860 2785 bonorum
883 2737 1021 2784 meorum
1045 2718 1290 2801 dispensatorem

174 2842 361 2902 testamento
383 2837 591 2905 manumisero
607 2837 645 2904 ea¹
660 2839 848 2916 condicione,
871 2843 907 2902 ut
922 2838 1200 2904 administrationis
1215 2857 1290 2906 suae
1307 2842 1342 2894 2⁰

173 2957 310 3022 rationes
332 2957 488 3037 redderet,
512 2957 541 3024 ei
562 2957 718 3041 peculium
739 2958 860 3040 legasse
879 2959 997 3036 uideor,
1020 2958 1069 3041 (ut
1083 2958 1193 3024 iisdem
1208 2960 1290 3040 prin-

174 3076 294 3159 cipibus
315 3077 445 3160 placuit)
469 3085 505 3142 ut
525 3097 564 3142 ax
585 3078 721 3161 peculio,
750 3078 833 3161 quod
861 3077 891 3143 ei
919 3078 1056 3160 legatum
1086 3076 1288 3158 intellegitur,

173 3171 299 3262 residua
325 3198 470 3264 solueret.
523 3201 605 3264 unde
634 3199 716 3263 enim
744 3217 856 3264 seruus
884 3216 964 3280 quae
992 3197 1137 3264 debuerit
1167 3198 1290 3263 soluere

95 3345 97 3350 ·
172 3322 280 3397 posset
300 3317 361 3382 nisi
382 3336 420 3382 ex
440 3317 586 3399 peculio?
614 3337 685 3384 nam
713 3339 751 3385 ex
773 3338 809 3384 eo
832 3317 992 3384 soluturus
1014 3317 1126 3382 fnisset
1147 3317 1239 3383 etiam
1262 3316 1289 3382 si
