3058 4890
594 467 630 478 —
677 428 824 492 236-

151 625 234 696 sunt,
257 619 304 682 ita
325 626 361 683 ut
374 619 532 682 hereditas
547 615 636 684 XXV
651 618 753 682 aureis
769 616 971 692 decresceret,
987 609 1083 698 atque
1098 615 1137 680 ad
1152 614 1267 678 LXXV

150 737 327 814 reducetur,
350 739 522 801 autetiam
546 737 585 801 ad
608 736 693 800 LXX
722 737 946 801 tantummodo.
991 736 1081 800 heres
1110 733 1138 798 si
1164 733 1266 808 adeat,

150 856 272 936 cogitur
301 857 425 937 integra
454 856 558 938 legata
586 857 725 934 soluere;
757 855 918 920 testatoris
947 856 1027 920 enim
1054 857 1164 920 mortis
1190 865 1268 920 tem·

150 994 225 1054 pore
248 981 356 1055 utpote
378 975 432 1056 qui
455 993 492 1038 ex
520 977 586 1038 eins
617 975 778 1039 uoluntate
808 977 1013 1055 quadrantem
1040 975 1184 1053 haberet,
1212 974 1267 1039 fal-

150 1093 231 1157 cidia
253 1112 314 1158 non
338 1094 508 1172 indigebat.
551 1097 658 1175 itaque
680 1096 830 1158 eiusmodi
854 1113 928 1159 casu
950 1103 1005 1159 aut
1027 1093 1103 1158 nibil
1125 1096 1265 1159 lucratur
1300 1088 1317 1140 ὅ

150 1187 320 1277 autetiam
345 1216 488 1278 damnum
512 1215 622 1292 seutit3
645 1233 745 1296 neque
768 1233 837 1278 eum
860 1214 1000 1294 grauiter
1023 1212 1104 1279 ferre
1127 1217 1264 1292 oportet:

148 1331 262 1397 licebat
289 1334 369 1398 enim
398 1333 427 1398 ei
454 1334 511 1398 hoo
541 1334 643 1398 uitare
674 1334 901 1398 incommodum
933 1352 993 1397 non
1022 1332 1163 1398 adeunti:
1203 1349 1264 1410 quo

148 1453 264 1517 lactum
287 1461 370 1518 esset
391 1465 426 1518 nt
448 1455 589 1535 legatarii
611 1455 708 1535 probe
731 1458 873 1531 scientes,
896 1454 948 1516 illo
971 1453 1164 1533 repudiante,
1188 1451 1264 1516 nihil

54 1656 59 1666 Ι
148 1591 217 1636 sose
239 1592 277 1636 ex
299 1573 410 1652 legatis
433 1581 663 1649 consecuturos,
687 1582 811 1654 pactum
834 1574 949 1636 inirent
970 1592 1040 1636 cum
1057 1572 1179 1644 herede,
1195 1591 1264 1636 sese

146 1698 236 1772 parte
265 1694 478 1757 tantummodo
509 1693 686 1758 relictorum
714 1693 885 1772 legatorum
915 1692 980 1756 fore
1008 1700 1179 1756 contentos.
1232 1697 1265 1754 et
1284 1701 1316 1752 10

147 1811 229 1892 quod
252 1811 377 1876 falcidia
399 1831 460 1875 non
483 1812 654 1883 tribuisset,
677 1812 707 1875 id
730 1809 860 1875 artificio
876 1812 965 1875 heres
982 1812 1177 1891 optinuisset,
1193 1826 1262 1874 cum

100 1949 127 2000 3.
147 1949 181 1994 se
203 1931 440 2010 repudiaturum
469 1933 594 1995 diceret.
639 1931 667 1994 3.
703 1929 858 1996 Bonorum
890 1933 1047 2010 quantitas
1075 1932 1119 1996 ita
1143 1938 1262 2012 specta-

146 2059 208 2114 tur.
259 2050 425 2115 deducitur
451 2050 532 2114 enirn
562 2071 615 2115 aes
638 2050 772 2115 alienum
797 2052 966 2124 testatoris,
988 2050 1105 2115 funeris
1128 2069 1262 2131 expensa

145 2178 240 2248 atque
262 2171 362 2250 pretia
384 2170 646 2234 manumissorum
661 2187 839 2234 seruorum:
863 2170 975 2233 deiude
990 2176 1152 2250 spectatur
1166 2187 1260 2250 quan-

146 2297 212 2353 tum
235 2288 346 2369 reliqui
375 2292 510 2371 supersit
538 2291 583 2372 (id
614 2293 693 2354 enirn
724 2308 836 2370 purum
864 2290 1085 2370 patrimonium
1111 2287 1314 2369 intellegi-15·

145 2410 220 2488 tur),
244 2419 339 2488 atque
361 2412 428 2475 eius
451 2410 610 2488 quadrans
639 2409 801 2474 retinetur.
853 2419 889 2473 ut
918 2427 1002 2473 ecce:
1030 2408 1165 2474 decessit
1194 2411 1261 2488 qui·

144 2531 226 2606 dam,
250 2531 303 2611 qni
327 2527 438 2593 Dono
467 2548 633 2593 aureorum
663 2528 884 2610 patrimonium
911 2529 1055 2592 haberet:
1086 2525 1189 2592 0000
1219 2528 1262 2591 le-

144 2649 246 2738 gauit:
275 2649 480 2714 creditoribus
497 2646 547 2713 00
563 2650 709 2713 debebat:
733 2646 785 2712 CL
807 2648 984 2713 aestimatio
1008 2657 1075 2713 erat
1097 2666 1261 2712 seruorum

145 2769 416 2832 manumissorum:
440 2767 465 2832 L
487 2770 518 2832 in
535 2771 602 2833 eins
624 2769 718 2833 funus
739 2778 813 2833 sunt
835 2769 971 2850 erogati3
995 2775 1163 2848 supersunt
1186 2785 1260 2847 ergo
1350 2833 1355 2846 ,

146 2883 264 2962 0000,
288 2895 383 2968 atque
412 2898 446 2953 ut
468 2909 505 2954 ex
528 2887 632 2954 0000
656 2887 680 2953 0
708 2897 782 2954 suut
810 2888 977 2964 retinendi,
1009 2905 1069 2951 uon
1098 2886 1191 2951 sicuti
1223 2906 1260 2950 ex
1278 2904 1312 2954 ao

145 3004 262 3081 DCCC,
285 3005 346 3072 00.
392 3010 436 3073 ita
468 3010 603 3074 dodrans
631 3009 789 3089 legatariis
818 3008 961 3089 debitur,
991 3009 1166 3091 quadrans,
1189 3006 1209 3067 i.
1233 3025 1259 3068 e.

144 3105 233 3192 aurei
254 3125 292 3205 0,
320 3107 403 3209 apud
431 3128 577 3193 heredem
606 3129 788 3195 remanebit.
833 3147 903 3194 cum
932 3127 1003 3211 quis
1026 3124 1129 3193 0000
1152 3143 1261 3190 aureo·
