3078 4882
586 383 817 446 -175-

138 571 207 635 siue
229 569 426 649 emancipati,
450 568 509 633 nisi
531 567 663 633 heredes
685 569 863 634 scribantur
890 569 1071 633 nominatim
1095 587 1148 634 eos
1171 569 1263 634 exhe-

137 688 243 754 redari
275 687 437 769 praeteriti
476 704 551 752 uero
589 687 733 753 similiter
771 694 992 754 testamentum
1030 686 1188 753 infirmant
1221 687 1263 753 si·

137 807 203 872 mul
240 812 335 889 atque
371 807 521 886 scriptum
557 812 625 881 est,
671 807 739 871 siue
775 806 823 870 sui
864 806 928 870 sint
963 806 1031 871 sine
1067 807 1262 887 emancipati,

137 927 207 994 siue
243 931 275 990 in
315 944 419 991 rerum
460 933 574 991 natura
611 897 677 990 ⁴sint
716 925 786 990 sine
824 925 961 1005 postumi
993 929 1102 1007 postea
1134 943 1262 1012 naseam¹

137 1055 201 1111 tur.
257 1045 340 1111 circa
375 1043 541 1127 adoptiuos
580 1051 686 1110 autem
723 1044 836 1110 liberos
876 1044 1065 1125 singularem
1107 1043 1261 1124 quandam
1297 1071 1313 1121 ⁶

136 1169 261 1233 induxit
296 1169 440 1249 princeps
484 1174 593 1232 noster
635 1166 818 1232 diuisionem
863 1167 894 1230 in
936 1165 998 1231 alia
1042 1165 1262 1232 constitutione

92 1301 118 1350 e.
137 1305 232 1369 qnam
270 1303 365 1366 super
397 1285 555 1368 adoptiuis
586 1282 669 1350 tulit.
725 1286 754 1348 6.
790 1285 881 1350 Miles
917 1287 948 1348 in
981 1283 1181 1366 expeditione
1213 1304 1261 1352 oc·

137 1413 275 1488 capatus
302 1405 383 1471 filios
401 1423 476 1471 suos
501 1406 564 1469 iam
593 1412 685 1470 natos
714 1406 764 1470 uel
800 1412 960 1487 postumus
995 1421 1097 1486 neque
1129 1398 1261 1470 heredes

137 1524 280 1590 institnit
313 1542 413 1604 neque
445 1524 626 1588 nominatim
660 1523 829 1616 exheredes
864 1522 952 1602 iecit,
987 1530 1036 1588 set
1068 1525 1260 1603 praeteriuit.

137 1643 341 1726 dispiciemus
363 1662 402 1708 an
426 1645 531 1708 ualeat
552 1643 619 1708 eius
646 1649 878 1708 testamentum.
923 1649 956 1706 et
982 1643 1081 1724 magis
1108 1651 1157 1708 est
1178 1652 1215 1707 nt
1236 1646 1261 1708 si
1284 1643 1314 1694 1⁰

138 1782 211 1829 cum
234 1782 288 1829 eos
311 1770 417 1828 extare
439 1763 547 1827 scierit
569 1779 676 1827 eorum
708 1762 895 1828 mentionem
926 1780 987 1827 non
1016 1761 1141 1842 iecerit,
1169 1762 1263 1834 silen-

137 1884 218 1948 tium
240 1901 298 1963 pro
321 1881 561 1947 exheredatione
583 1880 766 1946 nominatim
790 1879 872 1946 sacta
894 1881 1065 1961 accipiatur
1091 1883 1262 1946 secundum

96 2027 119 2077 7,
138 2002 329 2086 principales
351 2000 590 2068 constitutiones
620 2008 652 2066 et
683 2001 799 2066 calebit
828 2001 927 2083 ipsius
956 2008 1187 2067 testamentum.
1233 2003 1261 2065 7.

139 2123 245 2188 Mater
272 2140 370 2186 ausne
398 2127 559 2186 maternus
588 2139 658 2186 cum
690 2125 846 2186 testentur
873 2137 933 2185 non
964 2127 1120 2202 coguntur
1147 2119 1263 2188 liberos

138 2259 216 2305 snos
238 2240 371 2306 heredes
392 2240 557 2304 instituere
584 2247 641 2304 ant
667 2239 870 2317 exheredare,
900 2247 949 2305 set
981 2247 1113 2321 possunt
1147 2261 1200 2307 eos
1223 2219 1267 2306 siss
1284 2246 1313 2295 1⁵

139 2361 238 2444 lentio
262 2359 417 2424 omittere.
461 2359 619 2423 silentium
643 2360 724 2423 enim
746 2362 857 2425 matris
885 2361 935 2426 uel
962 2361 1014 2425 ani
1042 2363 1173 2426 materni
1196 2367 1262 2426 tan·

139 2485 208 2543 tum
243 2476 339 2543 efficit
366 2485 517 2558 quantum
547 2479 747 2544 exheredatio
773 2481 881 2559 patris.
931 2482 1136 2560 nequeenim
1163 2463 1263 2546 mater

139 2597 239 2662 filium
273 2594 410 2661 fidamus
437 2615 537 2678 nequa
563 2615 643 2662 auus
671 2601 830 2664 maternus
860 2605 1003 2680 nepotem
1034 2603 1199 2680 neptemue
1226 2619 1270 2666 ex-

139 2715 207 2800 filia
239 2715 371 2780 heredes
404 2716 541 2780 scribere
574 2722 729 2797 coguntur
761 2725 818 2781 aut
850 2717 1049 2782 exheredare.
1099 2716 1207 2798 itaque
1237 2720 1271 2784 si'

140 2834 305 2914 praeteriti
332 2835 409 2913 sint,
439 2852 540 2917 neque
568 2837 636 2901 iure
664 2835 749 2903 ciuili
776 2837 980 2916 adimantur,
1010 2853 1110 2917 neque
1138 2846 1265 2919 praetor
1283 2845 1331 2896 20:

140 2951 220 3034 ipsis
250 2958 359 3018 contre
387 2947 689 3020 tabulas'bonorum
716 2943 942 3035 possessionem
970 2956 1134 3051 promittit.
1188 2958 1264 3024 haec

142 3073 226 3139 enim
249 3073 289 3138 de
311 3074 376 3160 suis
398 3072 449 3137 uel
473 3074 512 3138 de
535 3073 573 3137 iis
594 3075 648 3154 qui
672 3076 832 3140 desiemnt
853 3074 903 3140 sui
926 3095 995 3142 esse
1017 3078 1168 3158 optinent.
1206 3079 1280 3144 erit*

143 3198 251 3257 autem
274 3193 313 3256 iis
336 3191 420 3257 aliud
443 3193 665 3260 adminiculum
694 3194 732 3260 de
755 3213 817 3276 quo
846 3195 938 3275 paulo
961 3202 1033 3276 post
1055 3165 1264 3276 dispiciemus.
