3078 4882
612 394 844 459 -189-

171 583 243 650 dem
270 583 309 648 de
335 583 460 663 uulgari
486 581 726 664 substitutione,
753 580 938 663 pupillarem
968 585 1074 646 autem
1101 579 1294 652 substitutio·

171 718 241 767 nem
264 702 292 767 si
314 703 384 783 quis
414 702 559 767 ordinare
587 702 680 779 uelit,
708 701 757 766 bis
785 699 851 766 fere
881 699 987 766 uerbis
1020 705 1145 766 utatur:
1180 698 1296 764 tilius

171 820 268 886 mibi
289 819 406 887 heres
434 827 536 902 esto;
563 817 597 886 s'i
626 820 718 884 mihi
749 820 863 886 bores
892 837 965 884 non
994 820 1073 885 erit
1101 818 1172 885 ille
1200 826 1295 886 esto.

172 940 285 1006 deinde
307 938 464 1023 relinquat
493 945 615 1006 tutores
642 939 747 1022 legata
773 938 1012 1004 fideicommissa
1039 938 1213 1005 libertates.
1264 939 1295 1002 in

170 1059 317 1126 inferiore
345 1078 422 1125 uero
455 1065 546 1140 parte
579 1061 759 1125 testamenti
789 1059 941 1125 eiusmodi
971 1059 1069 1124 uerba
1096 1057 1207 1124 addat:
1234 1059 1295 1123 sin
1331 1068 1347 1118 5

170 1185 300 1245 eutem
324 1178 437 1243 iilius
460 1197 567 1244 meus
597 1179 715 1245 heres
743 1178 875 1244 tactus
906 1177 1086 1260 impubes
1115 1178 1296 1243 decesse-

171 1299 231 1374 rit,
255 1295 327 1362 ille
349 1295 384 1362 ei
406 1295 521 1362 beres
543 1305 637 1363 esto.
687 1298 767 1363 hanc
796 1302 902 1363 autern
930 1303 1051 1377 partem
1079 1295 1207 1378 proprio
1234 1297 1297 1360 lino

171 1414 299 1497 colliget
321 1423 353 1481 ct
374 1419 501 1497 propria
523 1419 684 1498 consignet
712 1435 794 1481 cera.
843 1418 873 1481 in
902 1418 1005 1499 priore
1033 1434 1109 1482 uero
1139 1421 1229 1499 parte
1252 1421 1298 1480 te-

172 1534 320 1599 stamenti
348 1535 425 1599 haec
455 1536 554 1601 uerba
586 1536 720 1601 scribat:
755 1533 844 1602 nolo
877 1536 1112 1601 interiorem
1146 1538 1296 1616 partem

172 1653 407 1718 testamenti
429 1653 598 1735 aperiri,
628 1655 718 1720 uiuo
742 1654 830 1719 tilio
852 1673 935 1721 meo
965 1661 1003 1720 et
1024 1655 1151 1719 adhuc
1173 1655 1297 1733 impu·
1317 1659 1349 1711 10

171 1771 275 1837 bere.
321 1772 366 1836 ita
387 1774 467 1838 enim
490 1773 573 1841 facta
596 1774 740 1856 pupillari
770 1776 1011 1854 substitutione,
1038 1779 1126 1840 tutus
1156 1774 1195 1840 ab
1223 1773 1297 1837 insi·

173 1890 232 1955 diis
257 1893 317 1958 erit
337 1891 431 1957 tilius.
475 1895 690 1974 nequeenim,
714 1912 771 1959 suo
794 1901 884 1976 petre
908 1895 995 1975 uiuo,
1025 1893 1148 1960 insidiis
1175 1892 1298 1958 adficie-

173 2018 225 2075 tur
262 2027 333 2075 oum
376 2013 479 2080 adbuc
515 2014 640 2078 clausae
683 2015 747 2078 sint
783 2016 962 2080 testamenti
1001 2015 1152 2094 tabulae,
1196 2030 1297 2093 neque

172 2137 298 2196 mortuo
320 2138 419 2213 patre,
443 2151 513 2198 cnm
535 2134 721 2214 ignorentur
742 2151 823 2214 quae
845 2136 875 2199 in
905 2135 1050 2216 pupillari
1073 2132 1297 2199 substitutione

173 2251 290 2331 scripta
312 2256 395 2315 sunt.
441 2252 588 2336 Testatus
611 2252 807 2333 estquidam
831 2259 942 2336 atque,
970 2252 1034 2319 filio
1061 2253 1223 2335 impubere
1244 2232 1298 2316 be·
1318 2265 1348 2315 15

174 2368 248 2433 rede
269 2356 425 2450 instituto,
448 2372 553 2435 statim
576 2369 760 2453 pupillarem
784 2373 1038 2438 substitutionem
1061 2371 1210 2437 subdidit.
1244 2389 1295 2435 ua-

172 2486 217 2552 let
244 2484 444 2554 nihilominus
466 2489 669 2572 substituti03
691 2493 745 2571 qui
767 2498 873 2556 autem
895 2491 954 2557 hoo
977 2491 1046 2554 iniit
1060 2490 1223 2555 consilium
1246 2488 1299 2556 ibi·

174 2623 235 2687 que
257 2605 441 2687 pupillarem
464 2608 718 2674 substitutionem
743 2608 883 2690 scripsit,
914 2607 968 2673 ubi
996 2607 1055 2673 sibi
1084 2605 1182 2673 filium
1210 2607 1298 2672 here·

128 2749 153 2798 4.
175 2725 247 2791 dem
268 2725 425 2806 instituit,
452 2747 521 2794 cum
548 2727 604 2793 tilii
634 2728 812 2794 discrimine
839 2734 973 2792 testatus
997 2745 1066 2792 esse
1087 2726 1223 2792 uidetur.
1267 2729 1297 2789 4.

174 2844 240 2910 Nec
262 2850 385 2912 tantum
407 2848 574 2913 heredibus
597 2839 749 2914 institutis
771 2848 843 2914 filiis
865 2847 1080 2930 impuberibus
1102 2847 1300 2930 pupillariter
1316 2864 1350 2916 tu

174 2949 365 3032 substituere
387 2973 533 3059 parentes
555 2967 700 3050 possunt,
724 2947 773 3033 set
802 2969 896 3033 etiam
923 2969 1020 3034 isdem
1048 2967 1246 3034 exheredatis
1269 2971 1301 3032 et

175 3105 288 3152 reuera
308 3094 436 3169 propter
457 3087 506 3152 ius
530 3088 651 3167 patriae
674 3087 849 3169 potestatis,
874 3106 934 3153 non
958 3065 1152 3169 autem'qnia
1168 3087 1300 3152 heredes

175 3207 391 3284 instituantur,
415 3205 614 3288 pupillariter
627 3205 668 3270 iis
690 3207 841 3273 substitui
856 3214 977 3288 potest;
1000 3207 1109 3288 itaquo
1131 3206 1300 3272 exhereda·

175 3325 216 3390 tis
246 3342 371 3407 quoque
398 3323 507 3391 liberis
536 3331 622 3391 recto
650 3325 879 3392 substituimus.
936 3333 985 3391 set
1019 3326 1079 3390 erit
1113 3325 1166 3405 qui
1202 3323 1299 3388 dicat:

174 3445 324 3524 quidnam
346 3444 479 3524 accipiet
501 3445 553 3527 qui
576 3444 694 3526 pupillo
717 3444 905 3511 exheredato
935 3442 1162 3510 substituitur?
1191 3446 1223 3508 et
1251 3451 1300 3509 est
1317 3456 1350 3507 ao

176 3563 342 3628 dicendum
366 3565 392 3627 si
415 3565 489 3646 quid
512 3581 550 3628 ex
572 3563 748 3629 hereditate
775 3563 930 3644 legatisne
959 3562 1221 3629 donationibusue
1250 3583 1301 3630 co-

177 3687 343 3763 gnatorum
359 3701 415 3747 seu
431 3684 601 3748 amicorum
615 3686 818 3764 paternomm
833 3680 953 3765 pupillo
968 3683 1141 3760 obuenerit,
1162 3683 1193 3746 id
1210 3700 1301 3747 omne

176 3802 217 3866 ad
240 3802 445 3867 substitutum
469 3801 636 3883 pertinere.
681 3820 762 3883 quae
784 3800 919 3867 diximus
942 3803 981 3866 de
1004 3802 1202 3883 impuberum
1225 3799 1300 3867 libe·
