3058 4890
627 447 666 460 -
711 413 858 478 234-

181 599 231 662 sit
252 600 387 678 scriptus
416 600 520 679 heres,
550 601 616 664 sine
645 601 763 683 plures:
790 601 882 666 idest
902 609 938 666 ut
967 607 1179 684 quartapars
1208 601 1306 668 omns

143 719 170 767 i·
192 718 283 781 modo
315 718 399 798 apud
433 719 578 783 heredem
612 719 783 784 heredesue
816 727 1002 785 remaneret.
1059 723 1086 782 1.
1125 718 1202 785 Cum
1235 722 1305 801 quis

175 833 296 901 dccc
320 855 486 901 aureorum
509 837 728 918 patrimonium
744 835 882 914 haberet,
906 831 983 904 duos
997 832 1128 903 heredes
1145 858 1181 903 ex
1196 837 1304 918 aequis

194 955 338 1038 partibus
360 953 505 1033 instituit,
529 957 643 1021 Titium
667 963 698 1022 et
714 956 831 1022 Seium:
855 951 972 1036 legauit
994 965 1097 1021 autem
1122 958 1324 1032 nominatim¹

190 1075 306 1138 aTitio
330 1077 450 1138 dicens:
475 1075 862 1153 damnasest0‚Titi‚
886 1077 948 1140 ilii
970 1081 1005 1140 et
1028 1075 1093 1139 illi
1113 1095 1175 1141 res
1199 1079 1301 1153 dare,
1325 1059 1355 1157 '5

186 1212 287 1274 quae
311 1186 360 1258 CC
382 1194 449 1260 uei
473 1193 612 1259 CLXXX
643 1214 852 1261 aureorum
875 1195 1191 1262 aestimationem
1214 1196 1305 1272 efii-

187 1316 302 1378 eiant.
326 1313 432 1378 aSeio
447 1321 551 1378 autem
567 1322 622 1379 aut
637 1313 711 1378 nihil
727 1313 854 1394 legauit,
876 1324 932 1380 aut
952 1332 1033 1393 quae
1047 1315 1223 1394 portionem
1236 1315 1303 1379 aius

191 1435 354 1497 dumtaxat
376 1435 405 1496 in
429 1441 549 1512 partem
573 1433 729 1496 dimidiam
752 1436 935 1510 minuerent,
958 1435 1004 1497 ita
1026 1442 1061 1499 ut
1081 1431 1107 1497 0
1128 1435 1215 1498 aurei
1238 1452 1304 1497 orn·

191 1554 263 1618 nino
286 1555 313 1615 ei
337 1560 542 1616 remanerent.
565 1551 733 1617 adfuerunt
755 1553 850 1632 igitur
871 1551 1014 1632 legatarii
1036 1571 1056 1616 a
1077 1549 1158 1616 Titio
1180 1548 1303 1634 integra
1338 1561 1340 1566 '

188 1680 329 1752 petentes
351 1671 467 1752 legata:
491 1670 540 1735 hic
563 1691 654 1750 uero,
683 1677 794 1752 utpote
813 1673 867 1750 qui
890 1671 966 1736 nihii
996 1691 1051 1736 seu
1074 1671 1234 1735 minimum
1257 1673 1354 1736 lu-10

181 1792 228 1855 cri
250 1798 322 1871 post
337 1791 557 1856 detractionem
581 1792 753 1870 legatorum
776 1792 928 1870 reliquum
950 1789 1125 1864 habuisset,
1148 1793 1302 1872 quadran·

183 1919 247 1973 tem
280 1929 355 1974 auae
388 1909 487 1991 partis
525 1913 659 1976 retinere
687 1912 825 1990 uolebat,
858 1912 940 1976 idest
972 1911 998 1975 L
1031 1929 1152 1976 aureos.
1207 1929 1301 1994 oppo-

189 2031 304 2095 nebant
326 2038 429 2094 autem
453 2002 597 2110 legatarii
618 2038 797 2096 testatorem
821 2031 964 2096 falcidiae
986 2031 1046 2110 legi
1075 2033 1152 2095 satis
1180 2031 1299 2108 iecisse,
1337 2083 1339 2093 ,

181 2167 254 2213 cum
285 2167 346 2212 non
374 2149 506 2228 amplius
533 2149 684 2214 dodrante
713 2150 824 2230 legatis
854 2151 1059 2230 erogauisset3
1087 2148 1187 2214 Titius
1214 2168 1298 2227 uero,

188 2270 234 2332 uti
256 2269 372 2333 dictum
396 2277 452 2343 est,
476 2287 552 2334 suae
574 2273 672 2350 partis
694 2272 897 2348 quadrantem
926 2271 1065 2334 retinere·
1087 2270 1222 2334 uolebat.
1243 2268 1244 2272 ’
1265 2268 1298 2332 id
1319 2284 1350 2335 15

184 2407 257 2452 eum
282 2396 366 2451 esset
387 2389 571 2468 quaesitum,
594 2389 711 2468 placuit
725 2387 862 2468 singulos
878 2387 938 2451 sibi
952 2389 1129 2453 relictorum
1144 2365 1299 2466 quadran·

186 2515 247 2574 tem
272 2479 406 2572 retinere
428 2525 529 2588 posse,
552 2526 608 2570 nee
630 2507 703 2586 quia
726 2508 846 2586 integer
860 2507 953 2570 semis
969 2505 1020 2570 uel
1035 2507 1192 2588 quadrans
1214 2507 1297 2589 apud
1339 2566 1345 2600 Σ

187 2625 289 2693 Seium
313 2629 472 2712 manserit,
494 2627 564 2692 ideo
585 2625 742 2707 prohiberi
765 2625 880 2690 Titium
903 2628 1067 2706 quominus
1096 2626 1154 2690 sibi
1177 2625 1297 2702 relicto·

185 2766 254 2811 rum
277 2757 420 2826 quartam
443 2754 563 2826 partem
586 2744 730 2809 retineat.
774 2762 879 2810 omnes
898 2746 988 2810 enim
1015 2745 1145 2811 heredes
1168 2745 1228 2810 sibi
1249 2765 1297 2811 re·

137 2884 165 2935 a.
183 2852 325 2930 lictorum
352 2873 496 2946 quartam
524 2871 643 2947 partem
672 2855 963 2959 saltem'aceipere
977 2872 1109 2946 oportet.
1155 2863 1184 2928 2.
1218 2863 1295 2929 Cum
1314 2885 1349 2937 ao

186 3003 261 3051 uero
294 2986 462 3051 dixerimus
495 2986 699 3067 quadrantem
736 2985 886 3050 bonorum
919 2983 1056 3050 defuncti
1089 2983 1198 3049 heredi
1226 3002 1296 3049 esse

174 3091 381 3181 seruandum,
404 3107 511 3186 quaeri
535 3113 638 3186 potest
660 3105 784 3187 quando
811 3105 971 3170 testatoris
1002 3105 1152 3170 bonorum
1175 3104 1296 3186 quanti·
1339 3074 1344 3111 ³
