2990 4884
691 410 922 474 -105-

133 650 134 654 ,
254 598 388 682 γέγονεν.
433 599 484 662 2l.
519 596 556 662 Ελ
577 596 613 662 δὲ
638 599 671 662 τδ
698 596 798 681 μέρος
825 598 860 660 τὸ
883 595 918 659 ἐκ
946 593 1000 658 τοῦ
1028 592 1084 658 σοῦ
1112 590 1212 677 ἀγροῦ
1240 594 1414 677 ἀφαιρε-νι.
1480 621 1485 644 ²

253 701 310 766 δέν
332 701 550 786 δενδροφόρον
572 699 609 786 ῆν
631 701 680 764 καὶ
701 702 748 786 τῷ
772 699 838 786 ἐμῷ
854 698 1062 788 προσενεχθέν
1076 699 1168 783 ἀγρῷ
1183 695 1232 759 ἐπὶ
1248 694 1372 758 πλείονα

252 804 364 892 χρόνον
386 804 473 888 αὐτῷ
495 805 679 890 προσεπάγη
697 803 751 866 ’καὶ
772 803 810 866 τὰ
831 801 949 888 δένδρα
964 801 985 864 ἃ
1000 799 1174 886 ἐπεφέρετο
1190 799 1246 874 τὰς
1261 797 1373 870 οἰκείας

254 906 386 979 ἐξέτεινε
405 906 497 992 ῥίζας
524 906 602 980 ὥςτε
624 910 678 969 τοῦ
707 905 783 991 ἐμοῦ
813 904 951 989 άῷασδαι
977 905 1086 989 ἀγροῦ,
1115 901 1153 974 ἐξ
1179 901 1298 963 ἐκεινοῦ
1321 903 1372 962 τοῦ
1481 965 1482 968 ¹

220 1010 367 1100 δγρόνου
389 1011 443 1096 τῆς
465 1009 543 1096 ἐμῆς
563 1010 688 1091 ταῦταῑ)
711 1009 872 1095 γενῆσεται
893 1006 1073 1080 δεσποτείας
1102 1004 1141 1077 ἐξ
1167 1001 1203 1067 οῦ
1234 999 1372 1081 λοιπδνλ)
1481 1059 1482 1094 3

253 1112 371 1198 ἤρξατο
393 1112 564 1198 τρέφεσδαι
586 1111 620 1174 ἐκ
641 1115 695 1197 τῆς
717 1110 793 1196 ἐμῆς
814 1113 880 1196 γῆς,
904 1109 984 1190 οἷαί)
1014 1109 1069 1184 τὰς
1095 1107 1184 1192 ῥίζας
1206 1103 1319 1194 ἔχοντα
1341 1103 1373 1166 ἐν

254 1217 292 1301 τῆ
313 1213 374 1299 ἐμῆ
395 1217 444 1301 γῆ.
489 1216 539 1276 22.
575 1215 674 1299 Νῆσον
697 1215 871 1299 ἀναφυῆναι
893 1211 1008 1297 συνέβη
1031 1209 1065 1273 ἐν
1091 1209 1215 1294 μέσῳί)
1238 1211 1294 1294 τῆς
1316 1206 1417 1270 δαλῦ.
1484 1229 1485 1237 ’

255 1318 366 1403 λάττης
377 1318 452 1398 (τῶν
464 1316 500 1378 δὲ
511 1316 647 1389 σπανίως
662 1319 752 1378 τοῦτο
768 1315 1001 1400 συμβαινόντων
1016 1312 1139 1395 ἐστιᾚ)
1163 1313 1377 1398 προκαταλαμ·

254 1420 408 1502 βάνοντος
440 1421 459 1504 ῆ
497 1423 588 1504 νῆσος
622 1417 750 1500 γίνεται·
789 1416 916 1492 οὐδενὸς
938 1417 1004 1500 ’γὰρ
1033 1417 1188 1500 πρότερον
1215 1413 1297 1477 οῦσιι
1326 1417 1376 1478 νῦν

208 1527 240 1577 10
258 1520 384 1610 ἀργεται
407 1519 625 1595 δεσπόζεσδαι.
675 1521 702 1582 εἰ
723 1520 759 1583 δὲ
786 1520 820 1583 ἐν
847 1521 977 1605 ποταμῷ
1006 1518 1164 1604 ἀναφόηΰ)
1194 1515 1377 1604 (πννεγῶςῗ)

258 1623 324 1705 δὲθ)
347 1625 437 1685 τοῦτο
460 1621 644 1706 συμβαίνει),
667 1621 695 1684 εἷ
714 1622 772 1705 μὲν
795 1621 828 1684 ἐν
848 1621 936 1708 μέσῳ
953 1624 999 1708 τῷ
1022 1623 1163 1707 ποταμῷ,
1186 1617 1273 1682 ἔσται
1297 1618 1377 1703 κοινῆ

259 1729 321 1788 τῶν
343 1723 382 1796 ἐξ
400 1724 548 1807 ἑκατέρου
569 1724 688 1809 μέρους
709 1727 763 1787 τοῦ
787 1727 925 1808 ποταμοῦ
949 1724 1074 1811 πλησίον
1103 1728 1159 1810 τῆς
1174 1721 1273 1812 ῦχδης
1296 1721 1379 1810 ἐχόν-
1484 1785 1485 1796 ,

259 1850 321 1890 των
344 1827 382 1889 τὰ
402 1827 540 1912 κτῆματα
562 1827 641 1889 κατὰ
662 1827 696 1889 τδ
717 1826 833 1910 μέτρον
856 1831 910 1912 τῆς
937 1826 1125 1912 πλατύτητος
1146 1830 1208 1888 τῶν
1231 1825 1379 1888 ἐντεῦδεν

258 1931 308 1991 καὶ
334 1926 512 2010 ἐντεῦδενθ)
541 1928 688 2012 κειμένων
718 1929 825 2012 ἀγρῶν
851 1931 917 2014 ῆτις
949 1929 1102 2015 πλατῦτης
1131 1931 1187 1993 τοῦ
1213 1930 1316 2013 ἀγροῦ
1344 1951 1379 2013 τη

211 2052 242 2102 15
261 2028 341 2118 ῦχδη
366 2029 532 2114 πλησιάζει·
558 2029 622 2092 οἷον
630 2031 667 2111 ¹⁰)
691 2029 894 2093 ἐπεκτείνεται
923 2033 942 2116 ῆ
972 2035 1063 2116 νῆσυς
1091 2030 1169 2116 αῦτη
1203 2029 1252 2092 ἐπὶ
1281 2030 1380 2102 πόδας

260 2132 353 2213 λόγου
370 2132 463 2218 χάριν
483 2118 524 2214 ,ᾖ
538 2131 609 2194 ἀλλ’
633 2133 650 2193 δ
671 2132 729 2214 μὲν
752 2129 832 2220 ἔχων
854 2135 906 2196 τὸν
929 2133 1027 2218 ἀγρδν
1048 2132 1082 2195 ἐν
1104 2134 1149 2218 τῷ
1170 2131 1269 2217 δεξιῷ
1289 2132 1381 2217 μέρει

260 2241 316 2323 τῆς
343 2237 436 2322 νῆσον
465 2239 520 2321 τῆς
545 2235 646 2325 ῦχίίης
673 2237 799 2324 πλησίον
842 2236 1125 2322 πλατυνόμενον’
1107 2261 1169 2326 εχει
1199 2239 1253 2301 τδν
1281 2237 1381 2321 ἀγρὸν

258 2337 349 2424 μέχρι
372 2335 530 2422 ποδῶνρ,
554 2340 571 2400 ό
595 2338 631 2402 δὲ
653 2338 687 2402 ἐν
709 2339 868 2426 ἀριστερῷ
887 2340 978 2424 μέρει
963 2339 1261 2438 ..πλατυνόμενον
1243 2362 1307 2427 εχει
1331 2340 1382 2401 τὸν

261 2439 358 2522 ἀγρὸν
377 2439 488 2527 μέγρις
511 2439 665 2518 ποδῶνο,
689 2443 706 2504 ό
727 2443 841 2526 μὲνο,
865 2445 881 2504 ό
911 2442 990 2518 δέρ
1019 2443 1068 2505 ἐπὶ
1095 2444 1209 2517 πλάτος
1236 2442 1383 2520 δεσπόσει

205 2559 244 2611 20
262 2540 376 2604 ποδῶν.
385 2543 423 2624 11)
467 2563 495 2605 ει
518 2542 555 2606 δὲ
576 2545 615 2629 τῆ
633 2545 691 2629 μὲν
711 2547 769 2629 μιᾷ
791 2545 947 2630 πλησιάζει
969 2543 1061 2631 ᾄγδη,
1091 2543 1247 2630 ἀφέστηκε
1268 2542 1307 2607 δὲ
1330 2547 1383 2629 τῆς

262 2642 428 2727 ἑτέραςῑ1),
450 2646 567 2708 τούτων
590 2643 676 2708 ἔσται
696 2647 800 2728 μόνων
823 2648 852 2708 σί
872 2669 930 2708 κατ
934 2645 1063 2709 ’ἐκεῖνο
1085 2647 1166 2729 τδη)
1187 2647 1289 2730 μέρος
1303 2645 1382 2726 rhu)
1425 2719 1428 2725 Ι

264 2745 471 2830 πλησιάζονῑί)
504 2748 595 2831 ἐγγδς
627 2753 681 2835 τῆς
710 2747 808 2836 ῦγδης
837 2747 938 2837 ἔχουσι
965 2749 1038 2826 τοδς
1063 2749 1190 2834 ἀγροὺς.
1241 2749 1270 2812 εί
1298 2749 1336 2811 δὲ
1364 2750 1381 2808 ό

227 2907 228 2912 ,
264 2849 400 2930 ποταμὸς
422 2849 486 2931 2¹⁶)
509 2858 554 2936 τῷ
574 2849 641 2936 ἐμῷ
664 2850 855 2935 παραρρέων
877 2853 968 2936 ἀγρῷ
987 2852 1065 2914 κατὰ
1091 2851 1190 2936 μέρος
1212 2849 1385 2936 διαιρειλελς

263 2949 312 3010 καὶ
333 2949 376 3022 είς
399 2948 455 3013 δύο
478 2949 648 3038 τμηδελςῑί)
672 2954 722 3016 τὸν
745 2952 819 3036 ἐμὸν
842 2950 1007 3038 περιῆλθεν
1035 2942 1132 3035 ἀγρὸν
1162 2952 1229 3038 ῆτοι
1256 2953 1384 3017 ἐκύκλω-

213 3069 246 3119 25
264 3072 326 3129 σεν,
350 3050 415 3113 εἶτα
437 3052 611 3116 τελευταῖον
633 3053 762 3127 ἑνωδείς
783 3055 887 3140 ἑαυτῷ
909 3053 942 3117 έν
965 3078 991 3117 τι
1012 3055 1139 3137 γέγονεν
1163 3055 1242 3131 ὥςτε
1259 3057 1312 3118 τὸν
1333 3055 1385 3137 μέ-

266 3177 320 3217 σον
342 3155 435 3217 τόπον
458 3155 553 3241 νῆσου
577 3156 670 3218 τόπον
692 3155 872 3243 ἐπέγεινῑῧ),
900 3161 954 3243 τῆς
983 3155 1060 3242 ἐμῆς
1085 3152 1172 3239 μένει
1202 3155 1385 3227 δεσποτείας

334 3430 356 3494 1)
374 3432 462 3480 ταῦτα
480 3433 527 3498 τῆς
543 3429 585 3493 ἐμ,
604 3428 647 3484 Vi.
664 3429 697 3484 R.
872 3429 896 3498 ²)
914 3429 954 3484 de.
972 3429 1003 3483 F.
1174 3430 1197 3495 ³)
1215 3428 1271 3480 οἷον
1291 3427 1334 3480 vi.
1352 3427 1377 3480 R

267 3515 290 3578 4)
307 3513 345 3565 ἐν.
361 3531 389 3576 μ,
408 3513 509 3582 συνέβη
527 3513 577 3570 Ιι1.
595 3513 625 3566 F.
733 3517 755 3582 5)
773 3519 821 3568 τοῦ
838 3517 886 3568 ins,
904 3515 953 3569 L⁶.
972 3514 1013 3567 vi.
1032 3513 1064 3570 R.
1167 3515 1191 3574 ⁶)
1209 3531 1270 3564 -ει
1287 3512 1337 3567 1.².
1353 3511 1384 3564 F.

268 3595 311 3650 Vi.
328 3597 359 3651 R.
462 3599 485 3664 7)
503 3602 611 3669 συχνῦς
628 3599 661 3667 ej.
682 3599 715 3652 R.
818 3601 841 3669 8)
858 3601 913 3669 γὰρ
930 3599 980 3654 M.
1101 3601 1124 3668 ⁹)
1144 3600 1186 3655 de.
1205 3597 1228 3652 F
1231 3642 1237 3654 .
1256 3615 1318 3653 cum
1335 3595 1385 3663 vi„

269 3681 315 3750 qui
332 3687 422 3734 tamen
440 3682 467 3736 in
485 3683 618 3737 Emend.
636 3699 670 3738 ex
687 3684 716 3736 P.
735 3685 794 3740 add.
907 3688 942 3751 1⁰)
961 3683 1007 3738 οἷα
1024 3685 1076 3739 11.
1196 3687 1233 3751 11)
1250 3686 1266 3736 ὁ
1284 3682 1310 3736 δ’
1330 3683 1385 3734 ἑτέ-

268 3756 372 3834 pm}-
390 3768 405 3818 ι
422 3767 471 3830 μιν
490 3768 519 3818 ιν
537 3771 576 3836 τρ
595 3767 675 3837 σεειρ
692 3771 773 3839 μέρει
791 3771 834 3822 ene
851 3772 954 3830 ηιατυς
971 3771 1099 3825 asanaa..
1116 3773 1205 3824 mam
1224 3759 1258 3838 ᾗ,
1276 3772 1292 3822 ο
1309 3769 1339 3820 σε
1356 3768 1384 3817 ω

270 3855 309 3920 τῷ
329 3851 468 3920 ἀριστὲρφ
486 3851 529 3903 ἐπὶ
546 3854 647 3912 πλάτος
660 3843 685 3906 ο
698 3853 740 3908 Vi.
759 3855 791 3908 R.
971 3857 1006 3924 1²)
1030 3864 1079 3928 τῆς
1101 3859 1129 3910 δ’
1155 3859 1194 3910 έτ.
1218 3857 1264 3924 ἀρ.
1287 3854 1331 3908 Vi.
1353 3851 1386 3905 R.

271 3936 307 4001 11)
324 3936 348 3988 d
366 3936 415 3988 L2
518 3939 551 4004 14)
571 3938 595 3992 d
614 3938 663 3992 [β
767 3942 802 4009 1⁵)
821 3943 913 4001 ..ἄζει
931 3941 981 3994 L2
1093 3944 1128 4012 16)
1147 3942 1209 3997 dedi
1228 3957 1262 3995 ex
1279 3939 1318 3994 Μ
1336 3936 1386 3991 L²

270 4023 306 4089 1⁷)
325 4022 363 4081 εἰς
381 4021 467 4076 deletii
485 4039 519 4078 ex
537 4024 569 4092 cj.
588 4025 619 4079 R.
771 4027 847 4092 18)ι“ο
825 4045 895 4086 ιοες
882 4027 920 4087 εἰς
937 4027 987 4079 δύο
1005 4027 1108 4097 τμηδέν
1096 4045 1157 4088 ντος
1174 4027 1260 4079 αὐτοῦ
1278 4025 1322 4077 καί
1339 4024 1385 4076 τὸν

272 4109 337 4173 ἐμδν
325 4109 479 4176 ἀγνρδνπ
460 4111 657 4178 περιελθόντος
677 4111 808 4180 ῆτοικ
760 4111 847 4164 κυιιιὺλ
825 4128 948 4172 ωσαντος
971 4111 1032 4168 add.
1056 4112 1097 4166 ed.
1123 4118 1178 4167 ant.
1202 4111 1233 4166 F
1251 4110 1300 4164 R:
1318 4108 1485 4208 8101)

271 4209 345 4247 sema
363 4209 420 4248 esse
438 4195 465 4247 in
483 4196 574 4263 aprico
593 4204 641 4250 est
