3078 4882
579 401 812 462 -174-

137 589 169 646 et
190 586 316 658 natura,
339 602 409 651 curu
433 602 493 650 non
516 586 630 651 babeat
652 603 713 668 quo
735 587 863 653 nitatur.
910 607 979 654 curu
1010 588 1087 655 haec
1114 590 1170 655 tibi
1191 609 1257 671 per·

136 705 245 781 specta
268 703 341 775 sint,
364 703 436 769 uida
457 703 533 785 quid
555 704 627 770 inde
650 710 808 787 sequatur.
848 707 919 774 dedi
936 707 992 772 tibi
1015 727 1142 774 uxorem
1165 707 1258 776 liliam

137 837 254 885 meam:
277 824 398 904 peperit
419 822 531 888 filium:
555 824 585 888 iu
609 831 663 889 tua
685 830 841 906 potestate
864 825 913 892 hic
937 832 1020 904 erat,
1045 832 1080 892 ut
1101 827 1216 910 liquet:
1240 847 1259 892 a

136 957 185 1004 me
208 948 352 1022 rogatuS,
374 960 444 1007 eum
461 943 535 1006 mihi
558 943 769 1023 adoptandum
800 943 924 1014 dedisti.
974 963 1161 1026 quaeramus
1188 953 1260 1013 uter

136 1063 278 1126 nostrum
301 1066 521 1126 testamentum
545 1061 680 1126 condens
704 1061 772 1128 eius
802 1080 910 1128 curam
940 1082 1033 1146 agere
1061 1065 1197 1130 debeat?
1227 1074 1259 1132 et
1295 1071 1311 1122 ὀ

135 1177 302 1246 dicendum
324 1187 386 1244 est:
409 1198 466 1262 ego
489 1186 579 1261 pater
600 1181 777 1261 adoptiuus.
816 1199 887 1246 nam
910 1191 1039 1264 propter
1059 1185 1257 1266 adoptionem

135 1302 165 1362 in
188 1306 297 1364 esest
320 1299 508 1374 condicione,
532 1308 690 1378 quaeunt
713 1319 749 1366 ex
771 1302 862 1366 iustis
885 1301 1003 1384 nuptiis
1025 1302 1099 1366 mibi
1115 1303 1256 1384 quaesiti.

135 1419 244 1497 itaque
272 1417 365 1482 sicuti
392 1419 564 1497 legitimum
594 1418 693 1484 lilium
720 1438 788 1485 meo
817 1420 876 1484 iuri
906 1421 1081 1487 subiectum
1108 1420 1256 1488 heredem

135 1535 302 1601 instituere
330 1553 424 1616 cogor
457 1537 508 1601 uel
538 1537 710 1602 secundum
738 1555 819 1620 quae
849 1539 1047 1618 exposuimus
1074 1539 1257 1607 exheredem

134 1657 249 1732 lacere,
272 1656 316 1719 ita
338 1663 369 1720 et
391 1655 583 1737 adoptiuum.
629 1667 663 1720 tu
693 1656 791 1738 igitur
819 1659 971 1724 naturalis
1000 1663 1090 1737 pater
1118 1676 1177 1728 nou
1209 1681 1259 1728 co·
1280 1679 1310 1728 10

134 1781 221 1859 geris
244 1798 315 1845 eum
338 1780 482 1846 heredem
506 1782 682 1856 instituere,
708 1781 912 1861 nequeenim
936 1782 1002 1847 iure
1025 1783 1082 1848 tibi
1104 1781 1186 1849 filius
1201 1793 1258 1854 est.

135 1917 196 1963 non
214 1899 297 1964 enim
313 1917 383 1971 eum
399 1901 428 1964 in
450 1907 606 1980 potestate
622 1901 728 1978 habes,
752 1920 853 1982 neque
874 1908 996 1977 natura
1020 1920 1089 1966 cum
1113 1921 1170 1984 ego
1192 1903 1259 1986 qui·

136 2018 207 2082 dom
235 2019 303 2080 iure
326 2018 491 2099 adoptiuus
521 2026 611 2100 pater
641 2021 793 2085 naturalis
828 2022 894 2086 eius
923 2027 1014 2102 pater
1041 2040 1110 2087 esse
1138 2022 1257 2099 uidear,

136 2152 228 2199 nemo
251 2141 355 2201 autem
379 2138 456 2200 duos
479 2137 639 2203 naturales
662 2145 770 2218 patres
792 2139 908 2204 babere
930 2147 1043 2221 potest.
1082 2142 1129 2206 sin
1153 2149 1257 2208 autem

135 2272 208 2319 enm
232 2255 478 2335 emancipauero,
500 2272 600 2334 neque
623 2257 691 2320 iure
714 2256 813 2332 ciuili,
846 2274 946 2336 neque
975 2257 1077 2323 edicto
1104 2260 1258 2340 praetoris
1279 2284 1309 2334 15

135 2377 218 2439 inter
247 2374 360 2439 liberos
390 2377 672 2441 connumerabitur.
724 2377 820 2458 igitur
848 2394 948 2456 neque
977 2397 1035 2458 ego
1064 2396 1158 2458 cogor
1185 2396 1259 2442 eun·

135 2496 206 2560 dem
230 2495 376 2562 heredem
399 2495 573 2570 instituere,
597 2514 696 2576 neque
719 2495 871 2560 naturalis
901 2503 992 2576 pater
1022 2496 1060 2560 ad
1088 2494 1121 2560 id
1144 2493 1255 2561 facien·

135 2615 210 2679 dum
234 2615 400 2681 tenebitur.
445 2617 475 2678 in
499 2633 537 2679 ea
559 2613 640 2680 enim
672 2633 766 2680 causa
794 2615 946 2680 eiusmodi
976 2613 1057 2678 filius
1085 2632 1155 2680 esse
1184 2617 1257 2680 inci·

134 2733 183 2814 pit
202 2733 238 2798 in
262 2752 324 2815 qua
339 2742 422 2819 esset
444 2733 569 2799 futurus
591 2735 618 2798 si
639 2739 705 2799 ate
721 2732 857 2799 naturali
880 2739 970 2815 patre
992 2733 1102 2798 fuisset
1124 2739 1256 2803 emanci-

92 2869 116 2916 e.
137 2859 240 2933 patus.
275 2855 304 2916 5.
328 2851 383 2918 Set
406 2855 480 2918 haec
504 2860 646 2919 uetustas
668 2853 903 2931 introducebat}
926 2853 991 2918 lata
1014 2860 1062 2919 est
1086 2873 1161 2921 uero
1185 2875 1253 2922 con·
1274 2867 1308 2919 so

134 2974 259 3038 stitutio
282 2973 427 3053 principis
451 2973 559 3048 nostri,
583 2991 662 3053 quae
686 2971 762 3037 nihil
783 2973 867 3038 inter
889 2972 1096 3039 masculorum
1119 2982 1151 3038 et
1173 2973 1256 3040 lemi-

134 3111 246 3157 narum
269 3099 457 3157 testamenta
479 3093 630 3157 interesse
654 3092 737 3166 uult;
761 3094 834 3173 qnia
857 3099 990 3178 utraque
1011 3111 1144 3174 persona
1165 3092 1198 3159 in
1221 3093 1256 3158 fi·

133 3210 248 3276 borum
276 3210 492 3290 procreatione
520 3209 665 3275 similiter
695 3208 797 3275 officio
826 3217 957 3279 naturae
987 3210 1137 3292 iungitur.
1182 3211 1254 3276 hino

132 3347 259 3410 quoque
281 3339 368 3411 patet
389 3330 506 3395 nullam
529 3348 597 3394 esse
618 3329 703 3395 inter
724 3347 778 3397 eos
801 3328 994 3407 differentia,
1018 3329 1100 3411 quod
1123 3330 1172 3394 lex
1194 3327 1256 3394 XII

132 3448 312 3514 tabularum
335 3449 375 3514 ab
398 3450 545 3514 intestato
567 3467 669 3515 mares
692 3449 834 3513 similiter
856 3456 888 3514 et
914 3451 1044 3513 laminas
1070 3448 1112 3512 ad
1134 3465 1256 3514 sncces-
1273 3467 1306 3520 25

132 3567 238 3632 siones
261 3567 403 3633 uocabat.
427 3575 458 3632 et
479 3576 606 3648 praetor
629 3567 754 3634 uidetur
774 3567 874 3648 legem
897 3564 958 3631 llll
983 3566 1161 3632 tabularum
1184 3585 1253 3634 esse

132 3693 277 3766 secutus3
300 3687 370 3752 ideo
392 3685 521 3768 simplex
543 3705 580 3752 ac
602 3687 702 3754 simile
724 3687 775 3752 ius
797 3685 972 3754 introduxit
1001 3693 1033 3754 et
1061 3688 1093 3752 in
1123 3686 1194 3751 filiis
1222 3695 1255 3753 at

132 3807 165 3871 iu
192 3803 316 3871 filiabus
346 3811 377 3870 et
406 3806 439 3869 in
473 3805 586 3871 ceteris
619 3805 879 3879 descendentibus
909 3824 964 3887 per
993 3803 1116 3870 uirilem
1146 3823 1254 3872 sexum

132 3925 276 4006 personis
298 3943 358 3991 non
387 3924 486 3990 solum
515 3927 597 3993 natis
624 3935 673 3992 set
699 3928 792 3993 etiam
820 3927 973 4009 postumis
1003 3936 1035 3992 et
1065 3944 1125 3993 non
1154 3925 1254 3992 solum

132 4041 342 4109 filiisfamilias
376 4049 424 4108 set
453 4044 545 4122 etiam
574 4045 784 4126 emancipatis.
837 4052 869 4110 et
899 4045 991 4112 iussit
1019 4045 1086 4110 siue
1115 4045 1164 4110 sui
1191 4045 1254 4109 sint
1270 4067 1306 4121 aa
