3038 4884
707 352 917 447 ’,31-

254 569 345 652 bum)
369 568 525 656 χειμῶνος
553 569 686 632 καὶτῶν
710 568 798 652 σόνῖ)
822 569 909 655 αὐτῷ
931 570 1042 634 δεινῶν
1070 569 1275 654 κωλυόμενοι,
1296 569 1380 634 ἐπει-

254 673 358 760 δηπερ
380 667 474 746 ὄντας
496 663 609 748 αὐτούς
637 671 673 736 ἐν
702 672 838 760 πολιτείᾳ
867 672 922 736 οόκ
948 672 1023 760 ἐνῆν
1050 671 1141 762 ε’κτδς
1170 671 1247 737 εῖναι
1275 669 1378 751 δικῶν,

254 773 968 862 θῳέντεςεὰόπῖιτιῖςδᾶιςὲσιᾶλιζα
997 775 1383 850 ἀπλλιδςάτοῖη

255 875 405 950 δικαστὰς
430 875 577 950 ἐκάθιζον
599 877 766 960 τέμνοντος
788 875 894 952 αύτοῖς
918 877 954 940 τὰ
977 875 1154 962 ἀμφίβολα,
1181 876 1292 952 οἵτινες
1313 877 1379 942 ε’λέ-

221 996 347 1061 ογοντο
368 980 654 1062 κοσυροταῖοιοεί),
685 978 762 1062 quia
784 999 843 1062 per
865 998 920 1044 eos
942 978 1159 1062 unusquisque
1181 980 1301 1063 suum⁴)
1326 979 1379 1045 de-

254 1082 356 1148 bitum
377 1081 564 1166 recipiebat,
587 1082 696 1168 ἐπειδη
720 1079 764 1145 δι’
779 1082 879 1146 αὐτῶν
897 1081 941 1158 εἷς
956 1081 1087 1157 ἕκαστος
1102 1083 1136 1145 τὸ
1152 1081 1262 1145 ολκεῖον
1280 1081 1380 1169 γρέος

253 1185 481 1268 ἀνελάμβανεν.
527 1184 653 1268 ἐλέγετο
677 1185 714 1248 δὲ
736 1187 753 1248 δ
775 1188 884 1268 καιρὸς
912 1184 1101 1265 aduncum,
1134 1184 1241 1271 ἐπειδη
1265 1204 1379 1251 conue-

254 1287 324 1354 nire
345 1285 413 1352 ἐστι
433 1291 476 1350 τό
499 1287 685 1354 συνιέναι.
730 1288 874 1352 συνίεσαν
897 1287 933 1352 δὲ
960 1287 995 1352 ἐν
1025 1287 1145 1374 οότῷί)
1175 1287 1209 1352 οἳ
1233 1311 1267 1352 τε
1296 1287 1379 1350 δικα·

254 1391 323 1454 σταῖ
348 1391 398 1454 καὶ
427 1391 455 1452 οί
485 1390 688 1476 δικαζόμενοι.
738 1389 773 1454 ἐν
803 1388 891 1474 οόνί)
924 1398 963 1476 τη)
994 1389 1155 1476 τελευταίᾳ
1187 1387 1291 1477 ημέρᾳ
1323 1392 1378 1452 τοῦ

205 1505 237 1556 10
254 1491 413 1558 conuentu
446 1489 564 1573 ἐγίνετο
598 1494 632 1555 τδ
662 1490 824 1557 consssion.
879 1493 928 1555 καῖ
956 1490 992 1556 έν
1021 1495 1085 1569 ταῖς
1111 1488 1275 1579 ἐπαρχίαις
1303 1492 1379 1555 κατὰ

254 1597 364 1658 τοῦτον
388 1595 439 1657 τὸν
462 1592 587 1679 τρόπον.
612 1593 722 1679 προῄει
745 1595 762 1656 δ
785 1594 963 1682 ἀρχῶνκαὶ
985 1592 1124 1680 ἐκάθητο
1148 1592 1184 1658 ἐν
1208 1596 1253 1680 τῷ
1275 1594 1379 1678 οἰκείῳ

254 1689 444 1781 δικαστηρίῳ
467 1697 516 1758 καῖ
537 1696 601 1780 ἅμα
624 1682 904 1782 αότῳῖῖόνδρες,
933 1695 1043 1770 οἵτινες
1070 1695 1215 1778 ἐλέγοντο
1237 1697 1380 1779 peregri-

254 1797 339 1880 noi⁷)
363 1801 620 1878 recuperatores,
653 1797 729 1881 quia
751 1819 811 1882 per
838 1819 892 1863 eos
922 1798 1116 1882 mancipium
1140 1798 1321 1864 naturalem
1341 1797 1380 1862 li·

257 1897 415 1964 bertatem
439 1898 626 1983 recipiebat,
649 1899 759 1988 ἐπειδη
782 1899 828 1964 δι’
852 1898 957 1968 αὐτῶν
973 1903 1007 1965 τὸ
1023 1900 1224 1984 ἀνδράποδον
1248 1903 1300 1987 τὴν
1324 1924 1380 1986 ῳυ

84 2019 93 2035 ·
206 2000 237 2051 15
256 2002 341 2088 σικὴν
371 1997 558 2085 ἐλευθερίαν
581 2004 831 2087 όνελιίμβανενῧ)
867 2003 968 2087 (οἶδας
998 2006 1057 2089 γὰρ
1084 2005 1129 2079 ὡς
1151 2001 1282 2090 ηῳύσις
1305 2005 1379 2067 πάν·

255 2126 312 2180 τας
343 2101 534 2189 ἐλευθέρους
567 2106 769 2192 προήγαγεν).
793 2107 841 2169 καῖ
868 2101 920 2170 ἐπ’
949 2103 1053 2171 αύτῶν
1083 2101 1229 2189 ἐλέγοντο
1258 2103 1380 2187 εύλογοι

255 2205 345 2269 αίτίαι
367 2202 428 2272 ύπδ
452 2210 513 2269 τῶν
542 2203 808 2293 ἐλευθερούντων.
860 2203 980 2291 ἐγίνετο
1012 2209 1048 2272 δὲ
1077 2212 1126 2272 καῖ
1154 2206 1190 2274 ἐν
1218 2212 1256 2295 τῇ
1281 2209 1379 2294 ῥώμη

256 2313 289 2370 τό
311 2307 465 2374 oonsilion
487 2304 520 2374 ἐν
541 2312 599 2396 μιᾷ
622 2307 722 2398 ᾑμέρᾳ
746 2313 801 2376 τοῦ
822 2310 992 2392 αουαέυία,
1016 2314 1072 2377 τοῦ
1093 2311 1263 2395 ρτοέίοτοε
1286 2309 1381 2395 καθη-

252 2411 350 2495 μένου
372 2408 408 2478 ἐν
431 2415 477 2499 τῷ
501 2414 602 2498 οίκείῳ
625 2413 817 2500 δικαστηρίῳ
844 2416 894 2477 καί
926 2413 1202 2502 συγκαθημένωνθ)
1233 2401 1381 2500 οὐτῷε·

203 2518 238 2574 θθ
256 2515 462 2602 συγκλητικῶν
478 2517 527 2579 καὶ
543 2503 722 2580 ἷίπποτῶν
747 2516 911 2601 ρωμαίων.
957 2519 991 2580 τδ
1014 2516 1050 2580 δὲ
1073 2519 1134 2580 τῶν
1157 2518 1295 2582 ίπποτῶν
1315 2520 1381 2602 ρω·
1512 2597 1513 2608 γ

252 2617 353 2700 μαίων
377 2617 499 2703 ἀξίωμα
527 2619 565 2707 ἦν
594 2613 797 2704 ὑποβεβηκδς
826 2619 881 2705 τὴν
910 2618 1223 2705 συγκλητικότηταῑθ).
1268 2621 1299 2686 5.
1333 2619 1382 2683 Ez-
1398 2627 1425 2679 5.

254 2718 365 2796 πόντες
387 2721 421 2782 τδ
443 2719 596 2786 oonsilion
618 2719 754 2803 εἴπωμεν
775 2721 903 2797 καὶτὰς
925 2717 1075 2803 εὐλόγους
1097 2719 1203 2795 αἰτίας.
1249 2719 1379 2805 εύλογός
1512 2705 1513 2728 ¹

254 2817 338 2884 ἐστιν
361 2821 497 2904 αίιίαῑῑ),
520 2819 607 2908 ηνίκα
629 2825 647 2886 δ
669 2818 808 2887 ἐλάττων
837 2826 901 2887 τῶν
921 2812 1044 2892 ἶέτῶν
1071 2821 1218 2910 βουληθῇ
1246 2825 1297 2886 τδν
1320 2847 1379 2887 πα-

254 2921 331 3007 τέρα
354 2920 373 3008 ί)
399 2924 454 3009 τὴν
474 2923 596 3010 μητέρα
626 2921 858 3011 ἐλευθερῶσαι,
889 2925 944 3000 οὓς
971 2927 1118 3014 πεποίηκε
1145 2927 1203 3012 μὲν
1233 2921 1253 3012 ἦ
1289 2926 1379 3011 φύσις

202 3021 237 3074 25
254 3025 302 3109 τῷ
325 3022 408 3086 παιδῖ
429 3029 539 3105 γονεῖς,
563 3021 638 3113 ηδε
668 3029 776 3113 γνώμη
806 3030 860 3092 τοῖν
888 3027 1041 3092 δεσπότου
1069 3027 1201 3104 δούλους
1230 3024 1378 3092 ἀπετέλε-

254 3149 318 3190 σεν.
365 3126 413 3188 καῖ
442 3133 507 3202 πῶς
540 3127 702 3212 προβαίνει
736 3132 844 3192 τοῦτον
874 3131 933 3212 μὲν
965 3127 1001 3194 ἐκ
1035 3128 1195 3216 δούληςῐί)
1227 3129 1379 3219 τεχθέντα

253 3227 424 3312 ἐλεύθερον
446 3227 524 3292 είναι
546 3230 642 3312 κοίη)
661 3233 860 3316 ῥωμαῖονῐί),
883 3235 960 3310 τοὺς
982 3234 1018 3298 δὲ
1040 3239 1142 3318 γονεῖς
1164 3235 1223 3298 ὑπδ
1246 3233 1301 3319 την
1323 3235 1378 3296 τοῦ

255 3330 365 3404 παιδὸς
389 3332 484 3394 τελεῖν
507 3330 749 3417 δεσποτείαν11);
785 3334 905 3399 ὑπόθου
934 3337 1008 3410 τούς
1036 3341 1120 3420 τρεῖς
1150 3337 1208 3399 ύπδ
1234 3335 1307 3420 μίαν
1330 3336 1380 3398 καὶ

254 3432 309 3516 την
331 3432 424 3518 αὐτὴν
453 3432 529 3497 εῖναι
557 3434 755 3516 δεσποτείαν,
782 3438 976 3503 τελευτῶντα
1005 3439 1041 3502 δὲ
1069 3440 1123 3502 τόν
1153 3437 1308 3523 δεσπότην
1332 3437 1379 3500 έν-

203 3545 237 3596 30
256 3533 428 3622 σπη’σασθαι
451 3536 642 3621 κληρονόμον
664 3540 717 3601 τδν
741 3539 883 3623 παῖδαῙθ)
906 3541 1055 3605 ἐλάττονα
1070 3536 1149 3604 ὅντα
1165 3545 1227 3604 τῶν
1242 3527 1276 3604 ἶ
1289 3539 1377 3604 ἐτῶν.

253 3673 456 3684 *—

322 3741 344 3805 1)
363 3743 411 3792 τού
428 3739 489 3794 add.
508 3739 540 3794 R.
650 3743 672 3808 1)
691 3744 719 3794 ἐν
738 3742 771 3797 R.
884 3745 906 3811 1)
925 3744 985 3814 ἤτοι
1003 3745 1137 3816 ἀνάληψιν
1157 3744 1188 3797 δι’
1208 3743 1302 3796 αότῶν
1322 3759 1378 3795 ποι·

255 3827 349 3883 οῦντες
367 3825 396 3876 Ρ.
414 3823 498 3893 ἤγουν
516 3825 693 3896 ἀναληπταίοι
711 3828 760 3882 Ιι1.
864 3831 887 3894 ⁴)
906 3829 931 3883 d.
948 3829 978 3882 P.
996 3829 1028 3887 F.
1046 3829 1079 3886 R.
1193 3831 1216 3896 1)
1236 3829 1328 3898 ταύτῷ
1346 3828 1378 3882 R.

254 3910 277 3973 1)
295 3909 326 3960 δὲ
344 3909 376 3963 R.
479 3911 636 3976 1)Ιι1.Ιι1.
656 3917 816 3982 περεγρῖνυι
836 3920 899 3968 cett.
1002 3916 1024 3983 1)
1037 3915 1135 3980 ἐλάμβ.
1148 3915 1176 3968 Ρ.
1281 3915 1379 3980 9)σνγ-

254 3994 445 4057 καθεζομένων
464 3993 496 4049 R.
643 3999 678 4065 1⁰)
695 4001 730 4070 τῇ
750 3998 973 4070 συγκλητικότητι
992 4001 1021 4054 Ρ.
1165 4003 1200 4068 11)
1217 4001 1286 4054 haec
1303 3998 1329 4052 d.
1351 4001 1377 4052 P.

254 4078 289 4146 11)
307 4078 357 4132 Ιι1.
375 4080 485 4140 δουλίας
501 4081 550 4134 12⁹.
571 4083 694 4142 δουλείας
711 4082 740 4135 P.
759 4084 791 4137 R.
811 4085 913 4137 δούλων
932 4085 963 4139 F.
1037 4084 1116 4154 11)(1.
1135 4086 1165 4140 P.
1244 4087 1280 4153 11)
1297 4087 1377 4138 -ίων

254 4163 284 4217 Ρ.
386 4166 422 4231 11)
440 4165 601 4218 δεσποτείαν
622 4167 735 4226 δούλους
753 4169 782 4223 P.
887 4171 922 4237 11)
941 4171 988 4224 τόν
1007 4190 1033 4223 π.
1051 4172 1129 4242 κληρ.
1148 4171 1180 4226 R.
