2990 4884
532 398 743 461 ,76-

91 579 187 660 parint,
221 580 460 662 appellationem
496 583 642 648 mutent?
674 601 747 649 nam
778 588 925 666 parentes
957 582 1089 668 legitimi
1120 591 1201 650 tuto-

92 715 132 761 res
151 696 303 774 dicuntur,
325 699 415 766 liberi
437 705 546 765 autem
569 720 677 767 eorum
699 702 861 770 fiduciarii.
899 711 949 770 set
970 705 1051 770 ratio
1073 711 1199 787 praesto
1297 757 1302 768 .

93 821 137 880 est.
177 817 204 882 si
227 818 309 884 enim
332 819 445 885 niuens
466 817 568 885 filium
598 839 701 886 meum
724 838 786 887 non
809 823 1070 905 emancipemus,
1099 829 1200 890 morte

91 935 216 1001 messui
239 937 317 1002 iuris
340 943 426 1004 esset
447 938 564 1017 lactus,
587 957 688 1020 neque
709 915 748 1004 ⁴in
775 938 883 1005 fratris
906 946 962 1004 aut
987 941 1093 1023 patrui
1114 947 1201 1023 pote-

90 1059 186 1121 statem
209 1055 384 1130 incidisset;
407 1058 476 1124 ideo
499 1075 601 1138 neque
623 1059 753 1124 eandem
775 1059 905 1124 tutelam
927 1057 1010 1124 filius
1025 1060 1200 1142 emancipa—
1234 1062 1251 1112 ⁵

90 1170 154 1238 toris
173 1171 319 1254 habebit,
348 1181 398 1241 set
420 1181 508 1242 tutor
530 1174 711 1242 fiduciarius
740 1177 915 1243 uocabitur.
958 1177 1090 1242 libertus
1113 1197 1199 1256 uero,

91 1290 140 1354 nisi
158 1295 366 1358 manumissus
389 1293 512 1372 luisset,
536 1301 585 1361 set
607 1296 638 1360 in
653 1295 806 1362 seruitute
823 1295 998 1372 mansisset,
1022 1296 1199 1361 omnimodo

92 1411 314 1476 manumissoris
337 1412 513 1478 liberorum
536 1431 648 1478 seruus
670 1413 794 1479 iuturus
818 1419 895 1480 erat.
928 1415 1015 1480 Tune
1037 1432 1113 1480 uero
1135 1433 1199 1480 om-

91 1545 143 1606 nes,
164 1547 242 1612 quos
265 1530 410 1608 diximus,
433 1531 474 1596 ad
498 1531 650 1596 eiusmodi
677 1531 794 1597 tutelas
818 1539 990 1610 uocantur,
1018 1550 1087 1597 cum
1109 1529 1198 1597 XXV

90 1649 163 1713 annis
183 1649 317 1715 maiores
340 1650 414 1714 sint.
460 1649 493 1714 iu
516 1651 598 1715 enim
622 1651 809 1730 generaliter
828 1651 978 1734 principis
1004 1650 1105 1716 nostri
1127 1668 1199 1716 oon·
1218 1660 1251 1712 10

86 1767 195 1834 stitutio
218 1770 380 1834 obseruari
402 1770 563 1852 praecepit
584 1770 616 1834 in
639 1771 721 1837 omni
753 1769 852 1835 tutela
879 1775 974 1851 atque
1004 1788 1095 1847 cura,
1126 1787 1197 1834 anm

86 1885 241 1951 absurdum
264 1905 335 1952 esse
363 1888 555 1954 existimaret
584 1906 656 1954 eum
685 1888 738 1970 qui
775 1887 904 1953 alterius
937 1906 1014 1953 cura
1047 1888 1197 1970 indigeat,

85 2003 202 2069 aliorum
224 2005 306 2071 bona
328 2005 576 2102 administrare..

532 2291 736 2307 —ssu

159 2611 203 2678 De
224 2613 352 2682 atiliano
374 2620 482 2681 tutore
504 2615 556 2680 uel
578 2634 625 2694 eo,
649 2615 703 2698 qui
725 2634 763 2682 ex
785 2615 856 2699 lege
877 2614 958 2682 Iulia
980 2621 1012 2681 et
1033 2613 1115 2680 Titia

439 2766 584 2833 dabatur.
629 2768 751 2834 Titulus
775 2768 826 2832 20.

161 2951 298 3035 Pupillus
320 2959 376 3020 aut
405 2954 526 3037 pupilla
554 2959 658 3020 tutore
688 2955 880 3037 indigebant.
924 2973 986 3021 non
1018 2955 1196 3021 eratenim

85 3076 259 3140 testamento
283 3073 512 3153 uoluensque
535 3074 708 3156 adgnalus3
736 3075 845 3140 deerat
867 3079 899 3140 et
920 3080 1123 3153 patronorum
1149 3075 1247 3140 tu·1⁵

87 3189 150 3254 tela.
190 3211 290 3274 neque
313 3197 404 3274 pater
426 3198 495 3258 erat
517 3191 571 3273 qui
600 3192 640 3257 ad
663 3198 867 3272 patronorum
890 3190 1125 3288 similitudinem
1148 3196 1197 3258 tu·

86 3312 214 3376 teresse
235 3312 374 3388 deberet
397 3328 499 3391 neque
521 3312 622 3376 tutela
643 3310 806 3377 fiduciaria
827 3310 928 3376 locum
951 3308 1098 3376 habebat.
1126 3309 1196 3390 quis

87 3425 123 3490 ad
141 3431 265 3496 tutelam
289 3431 451 3496 uocandus
473 3427 545 3494 est?
569 3428 701 3495 dicimus
724 3430 843 3495 Romam
864 3429 990 3511 quidem
1020 3432 1197 3508 praetorem

88 3545 226 3614 urbanum
249 3567 320 3613 anm
344 3549 462 3614 maiore
483 3553 574 3630 parte
596 3548 795 3616 tribunorum
817 3547 917 3628 plebis
940 3547 1007 3630 (qui
1022 3547 1052 3610 X
1070 3545 1197 3611 omnino

88 3667 188 3748 erant),
209 3668 292 3735 idest
314 3687 384 3734 cum
407 3665 452 3731 VI
475 3676 531 3734 aut
553 3666 623 3746 Vll,
646 3667 847 3751 inquisitione
869 3665 962 3745 lacto,
984 3665 1132 3752 idoneum
1147 3672 1196 3729 tu·

88 3787 174 3850 torem
195 3787 280 3866 dare,
303 3787 397 3870 idque
420 3785 490 3868 lege
510 3787 605 3853 Atilia
627 3793 754 3854 cautum
777 3792 854 3853 erat.
878 3783 932 3867 qui
955 3791 1041 3851 tutor
1063 3803 1083 3849 a
1105 3784 1197 3868 legis·
