3078 4882
611 445 846 510 -192-

165 633 219 694 εει
240 635 285 707 nt,
309 630 424 697 herede
447 631 573 714 scripto,
596 648 654 714 per
675 608 956 738 fideicommissum*
973 632 1105 698 eundem
1121 631 1295 738 abligemns

165 755 204 814 ut
226 749 318 815 alteri
340 750 547 816 hereditatem
571 751 722 816 restituat
743 752 795 817 uel
816 757 915 817 totam
938 753 989 816 uel
1011 771 1067 834 pre
1089 758 1189 832 parte.
1219 770 1294 835 quo·

164 867 260 934 modo
284 871 389 933 sutem
411 868 684 936 fideicommissum
706 871 739 936 id
761 869 878 936 efficiat
900 889 957 937 suo
980 870 1047 937 loco
1069 872 1223 938 tradetur.

165 1501 169 1507 ’
261 1476 384 1555 Quibus
406 1476 507 1542 medis
525 1433 719 1544 ¹testamenta
738 1477 946 1544 infirmantur.
992 1476 1117 1542 Titulus
1141 1476 1190 1539 li.

251 1662 404 1728 Nouimus
433 1664 589 1744 quomedo
618 1663 689 1728 iure
721 1662 799 1728 fiant
832 1667 1030 1729 testamenta.
1082 1668 1132 1727 εει
1159 1663 1187 1728 si
1216 1662 1292 1745 quid

163 1783 331 1847 emittatur
353 1799 460 1848 eorum
485 1801 566 1864 quae
589 1781 629 1846 ad
658 1781 735 1847 iuris
765 1781 1018 1848 obseruationem
1048 1782 1223 1864 pertinent,
1247 1781 1292 1846 di·
1326 1809 1342 1859 5

164 1901 247 1967 citur
279 1905 502 1966 testamentum
533 1919 605 1965 non
638 1901 722 1966 iure
753 1901 871 1967 ciuili
899 1901 1048 1970 iactum
1078 1900 1131 1966 uel
1161 1901 1291 1968 breuius

162 2021 369 2087 iniustum.
414 2020 497 2087 forte
520 2022 602 2086 enim
624 2021 783 2103 legitimus
806 2020 935 2087 testium
958 2039 1106 2088 numerus
1129 2027 1177 2087 est
1199 2021 1291 2087 omis-

163 2158 228 2220 sus,
251 2141 303 2206 uel
332 2145 452 2223 septem
480 2141 607 2221 quidem
639 2141 827 2222 adfuerunt,
857 2160 919 2208 non
947 2159 1054 2207 omnes
1083 2148 1188 2206 antem
1218 2158 1291 2222 sup-

162 2259 367 2340 seripserunt,
379 2261 431 2326 uel
445 2262 702 2343 supseripserunt
715 2279 823 2328 omnes
837 2262 974 2344 quidem,
990 2280 1052 2328 non
1066 2266 1172 2327 autem
1187 2261 1291 2342 signe-

161 2384 287 2459 ueruut,
310 2377 363 2445 uel
383 2379 461 2446 haee
482 2380 609 2460 quidem
631 2379 782 2458 iecerunt,
806 2387 855 2446 set
876 2385 1011 2446 testator
1029 2379 1155 2446 heredis
1177 2397 1288 2445 nomen
1310 2387 1341 2440 10

162 2503 292 2583 propria
313 2519 409 2567 manu
430 2520 494 2566 nnn
516 2501 651 2584 scripsit,
675 2519 776 2582 neque
798 2520 902 2569 eoram
922 2501 1056 2567 testibus
1071 2501 1212 2566 futurum
1228 2499 1288 2566 sibi

161 2638 375 2686 successorem
397 2621 594 2703 nuncupauit
616 2620 668 2687 uel
689 2620 806 2687 liberos
827 2638 902 2686 suos
924 2638 995 2687 eum
1017 2619 1161 2691 heberet,
1187 2637 1288 2700 neque

161 2739 294 2805 heredes
321 2740 461 2806 instituit
482 2757 584 2824 neque
606 2741 777 2807 exheredes
800 2740 884 2806 iecit.
928 2741 960 2805 in
983 2739 1068 2805 hisee
1095 2758 1170 2820 ergo
1193 2741 1288 2805 omni·

160 2859 347 2926 tuscensis
371 2860 485 2926 dieitur
513 2865 737 2926 testamentum
766 2877 840 2924 non
869 2859 956 2924 iure
986 2859 1104 2926 ciuili
1133 2858 1287 2924 lentum.

160 2977 209 3042 sin
232 2980 338 3044 antem
360 2978 437 3043 nihil
457 2977 610 3045 eiusmodi
627 2979 775 3045 omissum
798 2982 856 3054 est,
878 2995 979 3058 neque
1000 2978 1072 3044 ideo
1095 2996 1224 3059 prorsus
1247 2978 1287 3044 ad
1308 2986 1339 3038 15

159 3095 253 3162 finem
277 3115 377 3180 usque
400 3098 485 3163 ualet
506 3103 743 3172 testamentum,
772 3101 930 3179 ruptum
960 3098 1041 3163 enim
1069 3097 1286 3162 inritumue

116 3214 230 3280 trieri
263 3219 376 3296 potest.
435 3218 463 3278 1.
497 3215 666 3298 Rumpitur
700 3221 806 3282 entem
835 3217 893 3282 hee
919 3217 1022 3280 mode.
1072 3221 1208 3282 testatus
1238 3223 1286 3280 est

159 3333 287 3416 quidem
303 3336 370 3400 sine
385 3335 479 3412 uiti0;
502 3352 573 3400 eum
589 3340 723 3400 testator
738 3334 771 3399 in
785 3335 894 3400 endem
910 3339 995 3400 statu
1011 3340 1161 3412 maneret,
1183 3334 1286 3415 potuit

157 3454 207 3520 ius
241 3453 340 3518 minui
379 3453 569 3520 testamenti.
625 3453 652 3517 si
685 3453 766 3519 enim
801 3457 872 3533 post
904 3452 1084 3518 testamenti
1118 3451 1284 3518 lectionem

157 3574 316 3658 quendam
352 3574 566 3656 adoptandum
598 3575 787 3656 susceperit,
827 3573 896 3640 siue
933 3571 1190 3655 patremfamilias
1227 3590 1285 3654 per
1302 3586 1336 3642 tu

157 3693 381 3776 imperatorem
403 3695 472 3760 siue
493 3691 727 3758 filiumfamilias
748 3711 809 3773 per
837 3699 1016 3774 praetorem
1046 3691 1218 3758 secundum
1247 3708 1285 3756 ea

156 3829 238 3892 quae
271 3809 497 3880 constitutione
530 3816 683 3878 canentur
711 3811 844 3894 piissimi
879 3811 1030 3895 principis
1060 3812 1175 3886 nostri,
1200 3808 1283 3876 idest

156 3949 228 3996 eum
248 3947 329 3996 enus
349 3930 394 3996 'sit
415 3931 469 4013 qui
491 3931 621 4013 adoptet
644 3932 732 4014 (tunc
755 3931 838 3998 enim
854 3931 981 4013 adeptio
996 3932 1060 3996 uim
1076 3948 1166 3996 suam
1181 3935 1283 3996 osten·

208 4331 310 4382 Theoph.
323 4331 437 4373 Antecess·
450 4342 492 4372 rec·
507 4329 595 4371 Fertini.
