3022 4884
578 391 810 458 -131-

139 575 267 646 bntaaia
286 578 467 653 audiebant,
490 583 523 646 et
542 577 575 646 in
597 596 720 646 summa
745 578 777 646 in
803 579 887 646 omni
914 583 1013 654 mura,
1040 597 1123 662 quae
1151 584 1259 647 nostro

138 698 272 780 imperio
293 699 502 780 gubernatur,
524 696 666 780 optinere
691 697 801 778 iussit,
829 699 1016 781 ubicumque
1038 698 1157 764 scilicet
1177 695 1260 764 bona

100 837 121 888 1.
138 815 201 883 fide
223 817 419 900 possessione
440 813 657 898 praecedente.
696 821 725 881 1.
758 815 900 884 Diximus
922 818 1022 884 bonae
1042 816 1117 885 fidei
1138 835 1260 902 posses·

137 955 242 1004 sorem
264 953 436 1018 usucapere
457 954 563 1017 posse3
586 941 660 1002 sunt
681 942 785 1002 tumen
808 937 934 1017 quidam
957 953 1064 1017 casus,
1089 936 1259 1021 inquibus

136 1056 228 1124 nobis
249 1056 399 1138 usucapio
421 1073 482 1121 non
504 1056 656 1137 procedit
706 1061 852 1136 mucce,
882 1055 910 1122 ai
939 1056 1009 1139 quis
1034 1055 1166 1123 liberam
1188 1075 1255 1140 per·
1289 1054 1307 1108 ⁶

135 1192 247 1240 sonam
268 1174 438 1258 possideat,
461 1172 513 1240 uel
534 1191 656 1240 sacram
678 1192 745 1240 rem
767 1174 818 1241 nel
840 1173 1035 1258 religiosam:
1065 1174 1147 1242 idem
1169 1174 1259 1240 intel·

137 1295 201 1376 legi
221 1299 346 1374 oportet
368 1299 401 1361 et
422 1293 449 1360 si
471 1293 542 1376 quis
563 1292 701 1360 alienum
729 1293 897 1378 fugitiuum
919 1294 1087 1378 possideat,
1110 1292 1164 1377 qui
1185 1313 1259 1360 usn·

97 1439 119 1489 2,
137 1413 208 1496 capi
230 1413 349 1494 nequit.
392 1412 422 1476 2.
456 1413 565 1493 Neque
586 1431 637 1478 res
659 1411 797 1479 furtiuae
820 1430 920 1495 neque
947 1415 979 1480 ui
1001 1431 1162 1496 possessae
1184 1431 1259 1478 usu·

136 1531 208 1612 capi
230 1537 371 1615 possunt,
393 1550 433 1598 ne
452 1532 479 1597 si
500 1532 606 1598 decem
630 1531 756 1613 quidem
778 1532 831 1599 nel
852 1533 963 1617 uiginti
985 1533 1075 1599 annis
1097 1551 1156 1616 ego
1177 1533 1277 1600 bona'

134 1649 201 1716 fide
221 1651 421 1733 possederim.
465 1652 550 1732 qnod
572 1651 611 1718 de
638 1650 765 1718 furtiuis
794 1651 928 1718 diximus
955 1653 1100 1735 intellege
1127 1651 1167 1720 de
1195 1669 1257 1718 mo·
1277 1658 1310 1710 1⁰

135 1770 254 1838 bilibus
276 1772 381 1851 rebus,
403 1772 488 1855 quod
509 1776 615 1837 autem
638 1772 677 1837 de
704 1771 738 1837 ni
767 1774 937 1854 possessis,
965 1774 1004 1842 de
1033 1773 1257 1842 immobilibus:

19 1867 20 1872 ¹
135 1890 274 1957 inhibuit
295 1890 377 1956 enim
398 1890 587 1956 furtiuarum
609 1909 715 1959 rerum
738 1889 960 1975 usucapionem
981 1892 1031 1960 lex
1052 1893 1116 1960 XII
1137 1893 1259 1960 tabula-

135 2031 208 2078 rum
228 2019 260 2078 et
274 2012 324 2080 lex
340 2012 481 2094 Atilia¹);
503 2013 536 2078 ni
558 2019 663 2080 autem
684 2030 898 2098 possessarum
913 2015 963 2081 lex
977 2013 1058 2081 Iulia
1078 2020 1111 2080 et
1124 2011 1257 2080 Plaude.

95 2157 117 2208 3,
135 2132 167 2196 3.
213 2131 246 2198 Si
269 2151 343 2214 ergo
365 2131 436 2215 quis
458 2138 491 2198 te
513 2133 701 2216 interroget,
723 2152 763 2199 an
786 2136 840 2218 qni
868 2151 934 2200 rem
961 2133 1120 2217 possideat
1148 2151 1256 2200 usuca·

136 2271 213 2335 pere
234 2251 343 2335 possit,
366 2253 577 2333 quaerendum
609 2251 643 2318 in
673 2253 783 2333 primis
810 2253 868 2319 tibi
897 2260 946 2319 est
975 2257 1081 2319 utrum
1108 2254 1190 2320 bona
1216 2271 1257 2318 an
1277 2261 1308 2314 15

135 2373 219 2438 male
239 2370 302 2439 fide
323 2373 490 2454 possideat.
539 2377 571 2438 et
593 2371 620 2437 si
642 2373 769 2437 noueris
792 2391 861 2439 eum
890 2373 974 2438 bona
1000 2371 1062 2438 lide
1088 2372 1257 2452 possidere,

135 2493 244 2557 statim
265 2492 308 2557 ad
329 2493 496 2559 secundam
518 2491 731 2575 quaestionem
754 2492 945 2576 progredere
967 2498 999 2558 et
1020 2508 1136 2571 quaere
1151 2511 1191 2557 an
1206 2509 1257 2557 res

135 2630 228 2678 sacru
248 2613 299 2690 sit,
322 2630 362 2677 an
384 2612 538 2692 religiose,
561 2630 601 2676 on
624 2610 716 2677 homo
736 2610 826 2690 liber,
849 2630 890 2677 an
918 2629 970 2676 res
998 2609 1134 2688 furtiua,
1161 2629 1202 2676 an
1224 2611 1257 2675 ui

135 2748 292 2812 possessa.
334 2734 366 2795 et
388 2731 415 2796 si
437 2729 549 2796 horum
572 2729 647 2810 qnid
668 2729 837 2808 inueneris,
859 2730 1013 2812 responde
1035 2731 1256 2813 usucapionem

136 2868 199 2916 non
220 2850 389 2933 procedere
415 2867 486 2917 cum
512 2851 545 2915 id
568 2850 637 2916 uitii
658 2849 706 2916 rei
725 2847 865 2916 baereat
902 2868 977 2915 num
999 2848 1051 2915 inr
1071 2856 1128 2916 aut
1148 2855 1257 2931 raptor
1274 2863 1310 2917 eo

137 2988 309 3052 usucapere
330 2967 456 3052 potest?
478 2974 511 3035 et
532 2968 612 3036 lorte
634 2974 751 3036 temere
773 2969 903 3051 negabis
925 2974 1054 3051 propter
1075 2969 1189 3035 uitium
1211 2968 1258 3034 rei

137 3089 280 3167 haerens,
303 3109 385 3172 quae
411 3088 532 3156 furtim
558 3091 599 3156 sit
628 3097 685 3157 aut
710 3089 744 3156 ni
772 3108 927 3173 possessa.
983 3097 1017 3158 at
1045 3109 1105 3157 non
1134 3095 1259 3172 oportet

138 3220 170 3276 te
190 3210 236 3275 ita
258 3209 463 3292 respondere;
486 3210 604 3276 ordinis
625 3212 708 3278 enim
730 3210 847 3278 oblitus
870 3229 913 3278 es.
941 3213 990 3278 set
1010 3209 1068 3277 tibi
1092 3208 1257 3275 dicendum

205 3450 230 3518 ι)
247 3449 266 3505 r.
283 3446 385 3504 amre
