3058 4890
624 373 856 453 ..246..

173 557 292 640 dranis
325 557 449 643 quidem
478 557 598 629 utiliter
628 559 790 641 experitur
818 564 912 642 atque
939 563 1123 636 conuenitur
1149 559 1303 628 fideicom-

181 679 353 758 misterius,
376 696 434 760 pro
454 679 632 763 quadrante
653 686 758 745 autem
782 687 867 748 recto
889 682 957 746 iure
977 678 1070 747 heres
1092 680 1159 762 agit
1181 687 1213 746 et
1234 699 1304 746 con·

181 799 317 866 ueniter.
361 797 436 882 quin
460 801 553 865 etiam
574 798 648 866 licet
669 799 805 884 scriptus
828 801 920 867 heres
942 800 996 882 qui
1018 809 1146 884 rogatus
1169 799 1218 875 sit,
1241 818 1303 866 una

180 921 215 986 're
237 918 371 986 deducta
394 923 464 999 [eeu
486 923 644 1004 precepta]
668 920 873 986 hereditatem
895 922 1076 998 restituere,
1104 920 1136 985 in
1160 939 1222 987 una
1251 919 1305 986 illa

181 1024 215 1105 re
237 1039 402 1111 maximam
426 1047 547 1123 partem
570 1040 685 1106 habeat
714 1039 899 1106 hereditatis
930 1039 1024 1124 (forte
1054 1042 1135 1106 euim
1164 1059 1233 1107 cum
1261 1041 1302 1106 sit
1337 1042 1354 1090 ⁵

181 1165 248 1225 tota
269 1159 428 1226 hereditas
452 1159 555 1227 0000
579 1182 763 1238 aureorum,
791 1164 907 1228 fundus
933 1181 1026 1244 quem
1055 1162 1147 1228 heres
1174 1162 1233 1227 sibi
1256 1181 1302 1226 re-

181 1279 282 1348 tinere
303 1282 439 1360 iubetur,
464 1280 542 1348 CCL
564 1283 669 1350 aureis
692 1283 808 1366 ualet,)
836 1303 934 1367 aeque
960 1281 1148 1349 insolidum
1171 1281 1303 1350 transie-

99 1392 101 1396 ‘
181 1407 297 1468 runtur
327 1401 467 1468 actiones
495 1409 528 1468 ct
554 1383 841 1470 fideicommissario
870 1410 965 1485 atque
994 1403 1026 1467 in
1055 1400 1303 1468 fideicommissa·

181 1520 260 1586 mum
285 1521 409 1601 dantur,
431 1521 484 1602 qui
507 1541 612 1588 secum
636 1521 810 1589 deliberare
832 1524 934 1596 debet,
957 1541 996 1588 au
1020 1521 1165 1604 expediat
1186 1516 1246 1588 sibi
1268 1521 1302 1586 fi-

146 1632 430 1709 ''deicommissum
454 1643 605 1725 accipere.
650 1644 758 1710 eadem
782 1645 912 1709 dicimus
941 1648 974 1709 et
1003 1641 1031 1709 si
1054 1643 1133 1708 duas
1156 1642 1302 1725 pluresue
1322 1652 1355 1706 ιο

181 1780 232 1829 res
255 1761 422 1829 ueletiam
445 1769 562 1830 certam
586 1783 737 1829 summam
759 1745 933 1830 heressibi
956 1765 1091 1829 retinere
1112 1764 1247 1840 iubetur,
1270 1770 1303 1828 et

181 1883 225 1950 sic
252 1883 457 1950 hereditatem
485 1883 662 1950 restituere.
713 1903 783 1950 nam
813 1893 845 1950 et
874 1886 905 1948 in
934 1884 1085 1950 eiusmodi
1116 1902 1205 1962 casu,
1235 1884 1302 1948 siue

181 2003 385 2084 quadrantem
408 2002 476 2069 siue
491 2003 561 2084 plus
577 2003 752 2086 quadrante
767 2003 909 2070 incertis
923 2005 1017 2070 rebus
1033 2011 1158 2070 certaue
1180 2021 1302 2069 summa

182 2125 272 2191 heres
294 2123 474 2205 retinuerit,
502 2144 540 2190 ex
567 2122 750 2200 trebelliano
780 2127 918 2190 actiones
945 2125 976 2190 in
1005 2124 1137 2191 solidum
1160 2124 1192 2188 in
1215 2122 1300 2188 fidei·

181 2245 425 2311 commissarium
448 2251 621 2310 truuseunt.
666 2246 752 2324 Quae
780 2245 913 2311 diximus
943 2244 983 2309 de
1013 2263 1063 2323 eo,
1090 2246 1144 2324 qui
1171 2263 1208 2308 ex
1230 2243 1352 2310 asse15

180 2364 343 2430 institutus
366 2370 415 2429 est
437 2370 531 2445 atque
555 2371 682 2446 rogatus
706 2371 823 2430 certam
839 2384 903 2430 rem
927 2370 1069 2431 certasue
1092 2382 1142 2430 res
1166 2365 1300 2430 retinere

180 2491 276 2580 atque
298 2482 504 2550 hereditatem
526 2484 578 2549 alii
602 2483 784 2562 restituere,
815 2481 1024 2565 intellegimus
1054 2468 1148 2549 etiam
1175 2484 1201 2548 si
1230 2484 1301 2564 quis

180 2624 218 2671 ex
239 2611 329 2688 parte
351 2604 440 2670 heres
463 2604 597 2686 scriptus
621 2609 652 2670 et
673 2611 802 2686 rogatus
825 2609 883 2683 est,
907 2611 993 2669 certa
1018 2603 1153 2684 quadam
1179 2621 1214 2668 re
1236 2619 1300 2668 cer·

180 2725 262 2792 tiene
283 2725 378 2792 rebus
401 2725 553 2804 deductis,
576 2742 664 2793 suem
687 2730 808 2804 partem
831 2723 1008 2798 restituere.¹
1059 2740 1129 2789 nam
1152 2723 1245 2788 etiam
1268 2723 1300 2789 iu

180 2845 332 2914 eiusmodi
354 2861 428 2912 casu
450 2845 480 2910 iu
503 2843 637 2912 solidum
660 2843 808 2922 actiones,
831 2861 911 2926 quae
932 2845 973 2909 ad
996 2861 1064 2908 eam
1086 2849 1207 2926 partem
1230 2840 1353 2932 per-,2⁰

132 2965 291 3044 retinent,
314 2965 353 3033 ad
376 2965 696 3032 fideicommissarium
718 2969 893 3030 transeunt.
929 2963 977 3027 10.
1011 2952 1081 3028 Nou
1104 2963 1203 3028 solum
1226 2963 1299 3028 scri·

180 3091 266 3180 ptum
290 3086 435 3152 heredem
458 3105 571 3176 rogare
594 3103 768 3167 possumus,
792 3089 828 3150 ut
857 3091 954 3150 totam
983 3083 1188 3150 hereditatem
1210 3084 1301 3148 resti·

179 3193 263 3285 'tuat;
280 3195 329 3270 set
344 3205 437 3272 etiem
454 3225 524 3272 eum
539 3204 594 3286 qui
612 3205 651 3272 ab
667 3193 814 3271 intestato
830 3191 969 3286 legitimo
983 3205 1051 3270 iure
1067 3189 1298 3270 uel'honorario

180 3325 274 3408 (forte
296 3325 377 3392 euim
401 3331 449 3390 est
471 3326 635 3409 cognatus)
658 3330 796 3391 nostram
818 3330 1003 3407 accepturus
1020 3331 1069 3389 est
1083 3321 1298 3405 hereditatem,

180 3444 228 3512 his
251 3447 519 3530 uerbisrrrogo
541 3453 598 3527 te,
625 3447 740 3514 heres
768 3445 963 3528 legitime,
992 3451 1049 3522 aut
1075 3443 1161 3512 iure
1182 3447 1353 3528 prae-25
