3058 4890
704 434 747 451 -
790 399 937 462 229-

264 583 367 662 γάτων
390 584 438 648 καί
458 581 734 652 fideicommissum
757 584 850 649 ἐστίν·
874 581 1009 670 ξορωται
1031 585 1092 666 γὰρ
1115 584 1289 671 ἀμφότερα.
1328 585 1382 650 36.
1390 605 1433 657 ω,

263 683 321 750 Καὶ
352 681 389 750 τὸ
414 705 537 767 poenae
569 687 696 752 nomine
727 687 1029 770 καταλιμπανόμενον
1066 687 1198 773 ληγάτον
1227 684 1247 772 ἢ
1274 685 1384 752 adem·

262 787 473 876 pteudmenon
482 791 506 871 ¹)
530 788 549 875 η
582 788 927 872 translatoudmenonv
957 787 1170 853 ἀνυπόστατόν
1192 788 1283 854 ἐστιν.
1307 809 1385 872 poe·
1425 797 1427 800 ’

262 911 322 955 nae
344 891 411 974 δὲ’)
434 892 560 958 nomine
582 892 805 981 ληγατεόεσθαι
828 892 915 957 δοκεῖ
936 893 1014 978 όπερ
1039 891 1186 976 τιμωρίας
1210 896 1304 982 χάριν
1332 914 1385 953 κο-

228 989 479 1077 δταλιμποίνεται
503 991 556 1057 τοῦ
585 993 789 1080 κληρονόμου,
823 993 909 1067 ὅπως
929 993 1044 1078 μᾶλλόν
1077 1018 1106 1058 τι
1138 995 1253 1081 ποιηση
1286 992 1307 1080 ἢ
1339 994 1384 1080 μη

262 1094 419 1182 ποιησηί).
449 1095 555 1181 ἐπειδὴ
578 1095 638 1182 γδρ
661 1096 765 1160 πολλοὶ
788 1097 991 1170 τελευτῶντες
1012 1096 1220 1184 προσέταττον
1244 1095 1387 1178 γίνεσθαί

262 1219 328 1261 τινα
350 1198 435 1282 παρὰ
456 1203 520 1261 τῶν
541 1199 740 1285 κληρονόμων
766 1199 818 1263 καί
843 1199 947 1282 βίουί)
976 1198 1081 1275 αὐτοῖς
1110 1199 1291 1282 ὑπέγραφον
1315 1197 1386 1284 τρό-

262 1323 319 1364 πον
341 1301 416 1379 τινα,
440 1299 514 1362 καθ’
539 1301 574 1364 δν
598 1299 661 1364 ἔδει
684 1302 770 1366 οδτοί
792 1302 1021 1382 πολιτεύεσθαι,
1051 1301 1118 1366 είτα
1143 1303 1172 1366 οί
1199 1301 1386 1388 κληρονόμοι

263 1407 324 1467 τῶν
356 1403 501 1466 τοιούτων
530 1405 744 1489 κατεφρόνουν
779 1405 965 1491 βουλήσεως
999 1405 1151 1494 ἀζημίως·
1181 1403 1261 1486 διδί)
1293 1407 1385 1468 τοῦτο

213 1518 245 1569 10
262 1504 440 1589 ἑωρακότες
462 1507 490 1568 οί
511 1505 705 1592 ἄνθρωποιί)
736 1506 841 1571 λοιπὸν
864 1507 1037 1595 ἐπενόησαν
1055 1507 1246 1597 γρηματικὴν
1268 1505 1385 1591 ποινὴν,

262 1608 299 1695 ἧς
322 1609 417 1689 δέειῧ)
440 1609 631 1696 ἠναγκάζετο
660 1611 677 1672 ό
709 1610 900 1696 κληρονόμος
926 1611 1043 1695 πρᾶξαί
1071 1635 1096 1674 τι
1126 1611 1174 1673 καί
1202 1609 1288 1692 παρὰ
1316 1630 1386 1671 σκο-

264 1713 330 1776 πόν.
381 1712 428 1774 καί
457 1710 622 1796 εἴπωμενθ)
645 1711 693 1775 ἐπί
721 1710 858 1797 θέματος
889 1709 924 1775 τὸ
950 1733 1074 1796 poenae
1099 1711 1226 1777 nomino
1253 1711 1386 1798 ληγότον

263 1813 345 1878 οἷον·
381 1811 504 1878 νέοτω
536 1838 609 1899 μου
643 1816 887 1900 κληρονόμος
921 1817 937 1876 ό
971 1815 1134 1897 aetnam),
1166 1814 1307 1877 διδότω
1343 1811 1387 1875 δὲ
1438 1852 1442 1860 -

263 1917 374 2003 τὴνΠ)
397 1916 543 1981 ολκείαν
565 1917 765 2001 θυγατέρα
787 1917 884 2003 πρὸς
904 1919 1071 2001 γοίμονθ)
1100 1916 1249 2000 Τιτίῳι.
1294 1913 1388 2001 ηκαί

215 2026 245 2077 15
264 2018 298 2084 ἐκ
330 2021 385 2080 τοῦ
418 2017 573 2083 ἐναντίου·
610 2020 683 2106 »μὴ
711 2019 872 2099 διδότω,
901 2021 935 2089 ελ
963 2021 1004 2083 δὲ
1031 2023 1074 2107 τῇ
1102 2019 1219 2106 έμῄῑί)
1248 2019 1385 2102 γνώμη

263 2121 492 2208 ἐναντιωθῇ,
524 2122 673 2203 δότωίέ)
696 2121 794 2207 ὃοίῳ
818 2123 913 2186 δέκα
936 2122 1178 2208 νομίσματατ
1216 2121 1235 2208 ἢ
1265 2121 1314 2184 καὶ
1335 2119 1388 2181 οὕ-

263 2243 342 2298 τως·
368 2224 404 2285 νό
427 2223 521 2308 ἐμος
541 2224 795 2312 κληρονόμος
817 2224 883 2289 ἐοίν
907 2224 968 2288 τὸν
991 2223 1090 2308 ἐμὸν
1112 2223 1267 2311 οἰκέτην
1294 2221 1386 2284 Στῖ-

261 2348 332 2414 γον
355 2323 536 2412 ἐκποιηση
560 2324 592 2410 (ἢ
616 2323 649 2387 έκ
669 2329 725 2388 τοῦ
748 2325 903 2404 ἐναντίου,
918 2330 969 2413 μὴ
994 2327 1248 2413 ἐκποιηοηθί)
1278 2325 1386 2408 Τιτίῳ

212 2417 214 2468 ἶ
265 2427 361 2491 δέκα
384 2425 605 2511 νομίσματα
634 2426 807 2490 διδότωιι
862 2427 916 2492 οὒκ
945 2427 1082 2513 ἔρρωται
1112 2427 1146 2491 τὸ
1174 2430 1307 2515 ληγάτον
1336 2431 1387 2495 διὰ

213 2552 247 2603 20
264 2530 321 2593 δόο
343 2529 513 2614 λογισμούς.
559 2529 761 2614 πρῶτονμὲν
785 2532 830 2594 ότι
850 2532 977 2607 μισεῖό
1009 2531 1103 2616 νόμος
1131 2527 1167 2592 τὸ
1186 2532 1319 2617 ληγιίτον
1350 2532 1386 2596 τὸ

264 2631 345 2714 ἐνῙί)
368 2634 475 2718 γνώμη
499 2632 702 2716 ἀποκείμενον
724 2633 780 2696 τοῦ
800 2633 1002 2722 κληρονόμου,
1026 2634 1160 2699 ἐνταῦθα
1184 2634 1220 2698 δὲ
1242 2634 1278 2698 ἐν
1299 2637 1388 2722 αὐτῷ

264 2731 588 2818 έστιν11)έποφλῆσαι
616 2736 665 2797 καί
692 2734 735 2820 μὴ
769 2734 941 2821 ἐποφλῆοιιι
973 2735 1014 2818 (εί
1044 2737 1102 2818 μὲν
1136 2736 1196 2819 γὰρ
1231 2736 1385 2826 πληρώση

263 2837 301 2898 τοί
329 2832 389 2898 ὑπὸ
416 2833 471 2898 τοῦ
502 2836 744 2921 τελευτησαντος
770 2837 917 2922 ελρημένο
947 2838 1038 2901 οὐδὲν
1067 2839 1270 2922 καταβάλλει,
1299 2840 1330 2904 ελ
1348 2841 1387 2904 δὲ

264 2936 446 3024 ἐναντιωθῇ,
470 2935 577 3026 ἔνοχος
599 2941 643 3024 τῷ
664 2939 843 3025 ληγαταρίῳ
872 2941 1056 3027 γινήσεται)
1087 2939 1191 3004 ἔπειτα
1222 2942 1316 3024 zaim)
1339 2942 1391 3006 δεῖ

213 3060 246 3112 25
265 3039 303 3104 τοί
324 3040 442 3126 ληγιίτο
465 3040 570 3128 εὐνοίᾳ
593 3041 641 3103 καί
663 3039 750 3128 φιλίᾳ
771 3043 810 3128 τῇ
833 3043 901 3126 περί
925 3040 977 3105 τὸν
999 3045 1185 3129 ληγαττίριον
1200 3045 1388 3127 καταλιμπά-

269 3167 338 3222 νειν,
361 3142 397 3205 ου’
418 3143 501 3226 μίσει
525 3141 578 3205 τοῦ
601 3143 802 3228 κληρονόμου.
827 3140 878 3209 ἐπὶ
899 3148 1048 3208 τοσοῦτον
1071 3146 1107 3211 δὲ
1129 3144 1222 3221 οὗτος
1243 3147 1260 3208 ό
1285 3148 1385 3211 κανὼν

265 3246 403 3329 δλέγων
432 3245 576 3334 ἄχρηστα
601 3243 677 3308 είναι
704 3245 750 3308 τδ
771 3247 888 3332 ληγάτα
918 3245 955 3310 τό
963 3247 1001 3328 ¹⁹)
1032 3266 1154 3330 poenae
1184 3247 1313 3314 nomine
1334 3272 1387 3313 κα-

333 3419 355 3484 1)
373 3416 457 3487 ἤγουν
478 3413 678 3484 ἀφαιρούμενον
698 3413 740 3468 ad.
758 3413 800 3470 vi.
820 3414 851 3469 R.
908 3414 932 3479 1)
950 3416 967 3486 ἢ
984 3417 1214 3485 μεταφερόμενον
1232 3416 1275 3471 ad.
1293 3417 1337 3471 Vi.
1354 3416 1385 3472 R.

264 3505 287 3573 ⁸)
305 3503 331 3556 d.
349 3501 390 3555 Vi.
408 3502 441 3556 R.
595 3500 619 3566 ⁴)
637 3518 663 3552 τι
680 3501 697 3569 ἢ
715 3501 752 3569 μὴ
771 3519 797 3552 π.
816 3501 833 3569 ἢ
851 3519 870 3553 π
896 3499 945 3554 Ll.
963 3502 1054 3572 ποιὴσ.
1073 3521 1097 3556 τι
1115 3502 1132 3572 ἢ
1150 3520 1176 3564 μ.
1196 3520 1222 3555 π.
1241 3501 1273 3558 V.
1292 3501 1336 3556 Vi.
1353 3500 1386 3556 R.

264 3591 286 3653 ⁵)
303 3587 366 3654 βίον
385 3588 402 3641 l.
421 3586 459 3640 M.
477 3586 524 3639 V.:
543 3585 633 3651 βίαιον
652 3585 966 3653 Ιτ1.Ιι1.Ιι6.Ε.βίαν
986 3587 1027 3641 1λί
1047 3587 1092 3654 R,
1116 3588 1162 3656 qui
1180 3587 1217 3656 cj.
1235 3587 1304 3639 κατὰ
1322 3586 1385 3652 βίον

263 3672 308 3728 uel
326 3672 369 3725 καί
384 3672 471 3738 βίους
489 3672 604 3738 βέβαιον
622 3673 667 3726 W.
727 3674 751 3739 6)
768 3689 802 3726 ex
818 3672 851 3728 R.
869 3671 902 3740 cj
922 3679 965 3727 cet
983 3674 1033 3726 διὰ.
1103 3674 1125 3740 7)
1143 3672 1386 3742 κατοφρονοόμενα

264 3761 298 3812 τὰ
317 3761 389 3828 παρ’
408 3759 496 3812 αὐτῶν
517 3757 743 3826 προσταττόμενα
761 3757 809 3813 ina.
828 3756 870 3812 Vi.
889 3758 937 3811 Fl.
954 3758 988 3812 R.
1006 3775 1040 3812 ex
1058 3758 1135 3826 glosn.
1257 3758 1281 3826 11)
1299 3759 1338 3810 δι’
1356 3757 1386 3828 ἧς

263 3847 306 3900 Vi.
325 3845 375 3898 1²1.
393 3845 425 3900 R.
527 3846 551 3912 ⁹)
570 3843 606 3905 τός
624 3845 666 3900 ad.
685 3843 727 3900 vi.
744 3843 777 3898 R
859 3846 894 3912 ¹⁰)
912 3847 927 3897 δ
944 3845 967 3898 δ.
985 3845 1022 3896 κλ.
1042 3844 1085 3899 Vi.
1103 3844 1133 3898 F.
1152 3843 1186 3899 R.
1271 3845 1306 3911 11)
1326 3843 1386 3898 αδδ.

265 3945 324 3985 cum
343 3930 380 3985 M.
399 3930 440 3985 Vi.
459 3931 492 3986 R.
602 3930 638 3998 11)
656 3930 681 3984 (L
699 3928 731 3983 V.
851 3930 887 3997 1³)
906 3929 930 3984 d.
949 3928 1000 3984 1.1.
1017 3929 1049 3986 F.
1169 3931 1205 3998 14)
1223 3930 1273 3984 διδ.
1293 3929 1336 3983 Vi.
1353 3929 1386 3984 R.

264 4019 299 4084 1⁶)
317 4016 421 4071 inclusa
438 4032 490 4071 om.
508 4016 562 4072 M.:
580 4031 641 4070 ιιοο.
663 4011 714 4069 Τιτ.
732 4022 796 4070 anto
813 4015 917 4070 inclusa
934 4014 965 4070 V.
1121 4016 1154 4084 1⁶)
1173 4020 1209 4087 τῇ
1228 4014 1271 4070 τὰ
1290 4014 1334 4069 Vi.
1352 4014 1385 4068 R

264 4103 299 4170 11)
322 4120 348 4155 τι
372 4101 413 4156 οδ.
438 4101 470 4157 V.
640 4101 677 4171 1⁸)
694 4099 784 4155 addidi
806 4116 841 4155 ex
862 4101 899 4155 M.
923 4101 972 4155 1.1.
996 4100 1040 4155 V.:
1065 4101 1124 4155 ἐπεί
1142 4101 1176 4156 V.
1194 4101 1252 4155 vi.:
1271 4101 1314 4154 ὅτι
1332 4100 1386 4154 11⁶.

265 4190 300 4260 ¹⁹)
318 4204 369 4244 om.
386 4189 425 4243 M.
