3038 4884
700 413 912 476 ..27-

322 698 382 776 Qui
408 703 441 765 et
460 719 500 766 ex
522 697 639 783 quibus
659 699 766 765 causis
787 699 1013 768 manumittere
1026 721 1098 768 -non
1120 707 1265 785 possunt.
1273 703 1300 786 ¹)

719 800 844 870 Titulus
868 804 897 868 6.

333 952 491 1027 Ἐδίδαξεν
503 957 586 1042 ημᾶς
598 956 636 1019 τὰ
647 957 849 1039 προλαβόντα
864 957 941 1020 κατὰ
952 958 1071 1034 πόσους
1080 958 1218 1044 τρόπους
1228 958 1374 1043 γίνεταιη

248 1055 424 1141 ἐλευθερία.
471 1059 523 1122 νῦν
552 1058 719 1140 ἀναγκαῖόν
749 1056 811 1122 ἐστι
838 1058 953 1141 μαθεῖν
980 1060 1027 1122 ότι
1056 1059 1093 1122 οδ
1120 1061 1208 1122 παντὶ
1235 1059 1375 1147 δεσπότῃ

249 1158 395 1247 πορέγειν
418 1157 538 1232 ἔξεστιν
561 1159 753 1243 ἐλευθερίαν.
806 1161 824 1223 ό
852 1161 913 1244 γὰρ
941 1161 974 1225 in
1002 1160 1149 1226 fraudem
1181 1161 1376 1227 creditorum

249 1261 422 1344 rovre'cm')
446 1265 525 1344 πρὸς
546 1262 673 1349 βλάβην
695 1263 743 1326 καὶ
766 1263 887 1348 ἀπάτην
909 1264 973 1327 τῶν
996 1263 1168 1328 δανειστῶν
1195 1263 1376 1350 ἐλευθεριῖν

213 1365 341 1430 ὄοάδὲν
364 1367 502 1449 πράττει.
548 1367 648 1450 όγάρ
671 1364 771 1431 υόλίοε
793 1364 914 1430 εόυόίοε
944 1365 1102 1449 ἐμποδίζει
1130 1367 1169 1451 τῇ
1198 1366 1375 1454 ἐλευθερίᾳ.

247 1469 335 1551 μισεῖ
360 1467 420 1553 γὰρ
450 1466 522 1542 τοὺς
548 1467 597 1531 ἐπὶ
623 1467 764 1554 βλάβηί)
787 1471 841 1556 την
864 1467 978 1533 οἰκείαν
998 1472 1164 1553 μειοῦντας
1193 1468 1377 1554 περιουσίαν

250 1569 383 1648 ἐκείνων,
408 1569 436 1632 οἳ
458 1569 491 1633 ἐν
514 1573 614 1655 καιρῷ
637 1570 793 1656 ἀναγκαίῳ
817 1574 880 1646 τοῖς
904 1571 1058 1659 δεηθεῖσιν
1081 1572 1279 1662 ἐγαρηγηοαν
1301 1574 1378 1660 γρη-

248 1694 343 1756 ματα.
389 1670 484 1748 αιίτὸς
506 1672 542 1735 δὲ
572 1674 589 1735 ό
620 1676 718 1738 ταῦτα
748 1673 896 1750 κελεύσας
922 1673 1044 1738 δέδωκε
1074 1677 1148 1739 τισίν
1183 1675 1290 1739 ἀδειαν
1320 1679 1376 1740 τοῦ

251 1770 451 1856 ἐλευθεροῦν,
475 1772 502 1834 εἷ
523 1773 574 1836 καὶ
596 1771 776 1839 ἐλαττοῦται
792 1773 939 1839 ἐντεῦθεν
955 1773 1062 1840 ου’τῶν
1078 1778 1097 1863 η
1112 1777 1284 1859 περιουσία,
1309 1800 1378 1843 του-

201 1884 234 1936 10
251 1873 334 1938 τέστι
357 1875 403 1958 τῷ
426 1873 538 1959 ἀπόρῳ
546 1874 581 1956 ⁴).
616 1873 736 1959 άπορος
760 1875 796 1938 δέ
818 1875 945 1959 ἐστινί),
968 1870 995 1961 ᾧ
1014 1877 1115 1964 μηδὲν
1138 1879 1378 1962 όπολιμπάνεται

249 1976 330 2064 μετὰ
358 1976 411 2062 τὴν
439 1984 501 2040 τῶν
525 1980 632 2064 χρεῶν
666 1978 831 2062 ἐξαίρεσιν.
887 1977 907 2064 ἢ
941 1979 1056 2055 οὕτως·
1092 1980 1212 2066 ἄπορός
1245 1981 1327 2045 ἐστιν
1360 1983 1379 2044 ό

252 2080 376 2146 πλείονα
398 2079 574 2164 ε’ποφείλων
597 2081 642 2144 ὧν
666 2082 814 2167 κέκτηται.
854 2084 871 2145 ό
893 2083 994 2146 τοίνυν
1016 2081 1137 2169 ἄπορος
1160 2083 1193 2147 ἐν
1218 2084 1313 2168 πολλῇ
1328 2108 1380 2147 κα-

253 2182 397 2270 θεστήκει
419 2181 541 2268 ἀθυμίᾳ
562 2183 760 2268 λογιζόμενος
783 2182 841 2272 οὐχ
863 2183 965 2259 οὕτως
995 2182 1027 2248 ἐν
1055 2188 1093 2270 τῇ
1115 2186 1213 2270 (taff)
1244 2185 1378 2273 ἐπαχθῆ,

254 2287 336 2371 άπερ
364 2284 481 2351 ε’σθότε
509 2283 645 2373 ηδόνατο
673 2285 799 2370 τρόποις
830 2288 887 2350 τισὶ
919 2286 1098 2371 διαφυγεῖν,
1130 2288 1208 2351 ἀλλὰ
1235 2289 1272 2352 τὰ
1297 2288 1380 2368 μετὰ

205 2393 237 2445 15
255 2388 341 2476 τηνί)
369 2389 516 2474 τελευτὴν
543 2387 777 2472 ἐνθυμούμενος
806 2389 856 2452 καὶ
882 2394 939 2476 τῆν
967 2390 1257 2476 προςγενησομένην
1287 2389 1379 2475 αὐτῷ

255 2489 356 2575 ὕβριν.
413 2489 516 2564 οὐδεὶς
548 2491 609 2574 γὰρ
639 2489 783 2563 ἀνέξεται
813 2494 874 2554 τῶν
901 2488 937 2554 εὖ
964 2490 1166 2576 φρονούντων
1195 2491 1380 2578 προσελθεῖν

255 2591 493 2677 κληρονομίᾳθ),
524 2591 563 2664 ἐξ
590 2592 629 2680 ἧς
651 2590 763 2674 κέρδος
782 2592 841 2675 μὲν
863 2591 956 2659 οὐδὲν
978 2595 1026 2678 τῷ
1053 2592 1245 2672 υάἰλθίιοηῒί,
1270 2593 1381 2677 ὕβρεις

255 2693 292 2756 δέ
311 2695 419 2779 μυρίαι
441 2695 489 2756 καὶ
512 2695 617 2780 ζημίαι
641 2696 689 2758 καλ
711 2696 739 2758 οί
761 2693 811 2759 ἐπὶ
834 2695 1035 2781 δικαστηρίου
1058 2695 1209 2781 ἐλκυσμοί.
1241 2696 1381 2782 μηδενός

256 2791 310 2857 οὖν
332 2792 523 2871 ἐπεισιόντος
545 2798 583 2882 τῇ
604 2795 715 2860 τούτου
744 2796 979 2883 κληρονομίᾳ9),
1009 2794 1129 2882 ἀνάγκη
1158 2796 1380 2880 διαπιπράσκε·

204 2900 240 2952 20
256 2894 331 2958 σθαι
353 2898 411 2960 ὑπὸ
433 2899 497 2960 τῶν
520 2899 690 2982 δανειστῶν
713 2902 766 2986 την
789 2897 930 2982 αότοῦω)
955 2898 1144 2982 περιουσίαν,
1168 2902 1217 2963 καὶ
1231 2900 1381 2965 ἐντεῦθεν

256 2998 310 3084 τὴν
333 2997 431 3064 αυτοῦ
450 3000 574 3086 μνήμην
602 2999 829 3082 ,εότελίζεσθαι
880 3003 909 3065 οί
938 3001 998 3087 γὰρ
1028 3001 1249 3085 creditoresss)
1280 3003 1382 3067 οὐκέτι

255 3099 398 3182 λέγουσιν
421 3090 468 3164 δτι
490 3101 527 3163 τὰ
549 3102 642 3165 τοῦδε
665 3102 919 3187 διαπιπράσκεται
950 3105 1118 3187 πράγματα
1148 3108 1204 3170 τοῦ
1233 3105 1381 3193 κληρονό-

253 3199 327 3288 μου,
353 3202 431 3267 ἀλλὰ
454 3203 544 3268 τοῦδε
571 3208 624 3270 τοῦ
643 3196 897 3290 τελευτησαντος.
923 3210 951 3270 1.
974 3204 1065 3288 Λέγει
1079 3206 1181 3272 τοίνυν
1197 3208 1244 3293 τῷ
1266 3207 1380 3293 ἀπόρῳ
1402 3219 1427 3270 1.

256 3306 273 3367 ό
297 3303 396 3372 οόλίοε
419 3304 548 3385 εόοῒὶοε,
571 3307 651 3382 ὥςτε
673 3307 785 3394 εί·ἔγει
806 3307 926 3384 οἰκέτας
954 3307 1008 3371 ἕνα
1029 3309 1148 3373 τούτων
1176 3311 1290 3395 γράφει
1311 3311 1381 3398 κλη-

204 3407 239 3460 25
254 3407 392 3490 ρονόμον
408 3427 480 3472 cum
496 3406 701 3491 libertatem),
718 3409 753 3484 θς
765 3409 847 3493 μετά
863 3410 1007 3495 τελευτὴν
1022 3413 1186 3498 γενήσεται
1200 3411 1290 3498 αὐτῷ
1312 3415 1382 3496 κλη-

254 3509 393 3591 ρονόμος
421 3505 463 3583 ἐξ
490 3510 626 3598 ἀνάγκης
655 3512 845 3594 καλούμενος
877 3511 961 3577 εόλοε
994 3513 1245 3598 necessarimm).
1295 3513 1381 3580 s6los

325 3681 347 3745 ¹)
366 3680 436 3739 τίνες
455 3676 565 3748 [οἵτινες
582 3680 634 3734 Ιιῑ.
652 3679 714 3750 M]
741 3680 785 3732 καί
807 3680 836 3732 ἐκ
860 3681 944 3734 ποίιον
969 3681 1064 3735 αἰτιῶν
1088 3682 1257 3750 ἐλευθεροῦν
1281 3683 1312 3736 οὐ
1336 3683 1381 3735 025-

257 3781 360 3818 νανται.
380 3763 441 3818 add.
458 3763 528 3818 libri.
665 3764 722 3836 ²)i5
745 3765 807 3820 add.
830 3763 862 3820 R.
1001 3768 1024 3836 3)
1046 3767 1156 3837 βλάβην
1180 3768 1240 3822 edd.
1266 3773 1321 3820 ant.
1347 3768 1379 3822 F.

255 3848 279 3917 4)
298 3849 353 3908 τοῖς
371 3847 485 3916 ἀπόροις
503 3849 533 3903 P.
550 3849 582 3904 F.
599 3849 633 3904 R
705 3853 729 3918 ⁶)
746 3851 930 3907 ἐστιν-ἐστιν
950 3852 990 3908 de.
1010 3852 1074 3907 edd.
1090 3859 1145 3906 ant.
1165 3852 1195 3908 F.
1264 3853 1287 3918 ⁶)
1306 3851 1381 3905 οὕτω

256 3934 291 3986 τά
308 3933 383 4005 αὐτῇ
402 3935 461 4004 ζωη
478 3934 511 3988 R.
615 3937 638 4005 ⁷)
656 3938 706 4006 τὴν
725 3937 766 3994 de.
786 3937 846 3992 edd.
865 3944 920 3992 ant.
939 3938 971 3991 F.
1078 3938 1101 4004 8)
1119 3937 1299 4006 κληρονομίαν
1318 3939 1380 3993 edd.

256 4024 320 4073 ante
338 4019 370 4073 F.
473 4019 498 4090 9)
514 4021 564 4090 τὴν
585 4022 659 4074 -ίαν
678 4021 711 4075 R.
814 4025 850 4090 1⁰)
868 4022 968 4076 τούτου
987 4022 1019 4076 R.
1131 4025 1168 4089 1¹)
1186 4020 1269 4090 ἤγουν
1288 4025 1379 4076 δανει-

257 4104 320 4157 σταί
338 4103 399 4160 add.
417 4103 466 4158 11².
581 4105 617 4174 1²)
635 4109 760 4160 τουτέστι
778 4108 839 4173 μετ’
860 4109 1023 4176 ἐλευθερίας
1040 4108 1070 4161 Ρ.
1191 4109 1226 4177 ¹³)
1245 4107 1318 4163 solus
1335 4124 1381 4162 ne·

256 4188 388 4244 censarius
407 4189 439 4245 F.
456 4191 528 4246 solus
546 4196 574 4246 et
591 4207 617 4245 n.
635 4191 683 4246 R:
701 4207 750 4247 nos
767 4192 802 4248 ad
819 4191 899 4247 fidem
918 4193 967 4248 Ll.
986 4192 1034 4248 λδ.
1053 4192 1216 4261 scripsimus.
