3038 4884
703 380 912 443 ..57-

253 585 328 649 τητα
349 561 400 626 καί
421 565 440 649 ή
464 561 674 645 deportettcon
695 568 750 628 τοῦ
781 566 906 649 πατρός.
950 563 1006 630 ἐὰν
1033 565 1095 650 γάρ
1125 586 1170 640 τις
1197 585 1372 649 κατηγορη-

252 665 318 740 θεὶς
339 663 391 729 ἐπί
412 689 466 729 τινι
489 663 655 753 ἐγκλήματι
676 665 812 756 ἐλεήχθή
841 667 890 730 καὶ
919 665 1045 752 δέξηται
1075 665 1217 752 τοιαύτην
1247 664 1370 750 ἀπόφα·

253 793 299 833 σιν
323 771 375 832 τοῦ
398 767 547 855 ἄρχοντος
576 767 751 851 λέηοντοςῑ)
781 769 916 852 deporto
944 772 977 832 te
1005 767 1039 832 in
1067 765 1157 832 illam
1184 764 1370 847 insulem‚’)

251 873 317 957 ἅμα
342 873 390 957 τῷ
419 868 564 958 λεχθῆναι
595 874 648 958 τήν
678 871 835 954 ἀπόφασιν
866 870 1073 955 ἀφαιρεῖταιθ)
1104 867 1198 932 αὐτοῦ
1228 871 1245 930 δ
1276 869 1371 954 νόμος

217 987 233 1040 5
252 975 304 1062 τήν
327 972 480 1040 πολιτείαν
504 973 552 1036 καί
573 973 611 1036 τδι
633 973 799 1057 πράγματα
821 973 1001 1053 καὶγίνεται
1022 972 1208 1056 peregrinos
1229 975 1287 1058 τῆς
1306 973 1372 1056 ,δαι-

249 1077 389 1164 μαϊκήςί)
412 1075 620 1160 περθόμενοι
641 1075 800 1152 πολιτείας.
846 1076 894 1139 καὶ
916 1073 1018 1160 τούτῳ
1046 1076 1095 1160 τῷ
1122 1073 1232 1160 τρύπηι
1261 1065 1370 1158 δι’ςπερ

253 1182 292 1268 τή
314 1177 408 1243 αύτού
432 1180 567 1264 τελευτῇ,
591 1176 674 1241 ούτιο
698 1179 746 1242 καὶ
768 1180 805 1264 τή
829 1176 1074 1261 deportationi⁵)
1105 1177 1235 1242 παύεται
1257 1179 1275 1241 δ
1298 1183 1372 1254 παῖς

253 1286 306 1347 τού
329 1281 407 1346 εἶναι
427 1281 460 1344 in
482 1284 653 1364 potestate.
699 1283 843 1367 ρωμαῖος
870 1280 930 1365 γὰρ
958 1278 1002 1342 ὢν
1031 1280 1048 1342 δ
1079 1283 1149 1355 παῖς
1176 1279 1213 1343 ού
1243 1279 1373 1344 δύναται

252 1383 436 1459 ύπεξούσιος
458 1383 536 1448 εἶναι
557 1386 610 1447 τοῦ
637 1382 815 1465 peregrino.
865 1383 954 1468 μύνοι
982 1383 1018 1446 δὲ
1047 1383 1106 1466 05⁶)
1133 1385 1269 1469 ῥωμαῖοι
1296 1383 1372 1456 τοὺς

204 1511 237 1564 10
253 1487 366 1563 παῖδας
388 1484 508 1575 ἔχουσιν
529 1486 564 1550 in
584 1489 754 1569 potestate.
800 1486 826 1549 εί
847 1485 954 1550 δὲκαὶ
975 1488 993 1549 δ
1016 1491 1085 1560 παῖς
1113 1486 1237 1572 γένηται
1259 1483 1372 1568 depor-

251 1595 337 1656 tatos
359 1591 489 1655 παύεται
509 1593 564 1653 τοῦ
587 1589 664 1655 εἶναι
687 1589 879 1666 ύπεξούσιος.
924 1589 1110 1672 peregrinos
1140 1589 1202 1672 γὰρ
1229 1587 1272 1651 ὢν
1296 1589 1370 1651 ύπε·

253 1695 377 1770 ξούσιος
400 1691 475 1756 εἶναι
494 1692 639 1778 ῥωμαίου
662 1692 698 1756 ού
721 1691 858 1756 δύναται.
903 1691 931 1755 εί
949 1691 1055 1775 μέντοι
1085 1690 1120 1753 ἐκ
1138 1689 1297 1773 βασιλέως
1319 1713 1369 1775 φι-

253 1797 455 1881 λανθρωπίας
478 1796 660 1883 ἀνακληθεὶς
682 1795 861 1882 ἀπολύβήί)
884 1795 937 1880 τήν
959 1794 1119 1872 πολττείαν,
1143 1794 1263 1858 ἅπαντα
1281 1791 1370 1878 αὐτῷ
1511 1845 1512 1872 η

254 1900 297 1976 εἷς
331 1902 383 1986 τήν
414 1899 545 1988 ἀρχαίαν
574 1897 815 1963 ἀποκαθίσταται
848 1899 945 1969 τάξιν.
991 1898 1021 1960 2.
1055 1896 1092 1960 El
1120 1896 1156 1960 δὲ
1185 1893 1372 1978 deportatos
1388 1903 1418 1954 2·
1511 1903 1512 1908 ’

205 2003 310 2086 15μὲν
329 2003 373 2087 μή
396 2002 527 2088 γένηται,
552 2001 674 2087 γένηται
695 2001 731 2065 δὲ
752 1999 909 2084 relegatos
931 2002 948 2063 δ
972 2001 1083 2086 πατὴρ,
1106 1998 1174 2063 εἶπε
1195 1999 1255 2085 γὰρ
1278 1997 1371 2083 esp

249 2125 333 2192 χιον·
354 2103 461 2188 relego
483 2107 515 2168 te
537 2103 569 2168 in
590 2102 679 2168 illam
701 2103 878 2187 insulem⁸),
901 2101 958 2167 οίικ
978 2102 1156 2186 ἀφαιρεῖται
1171 2102 1188 2163 δ
1205 2101 1299 2185 νύμος
1315 2103 1369 2164 τοῦ

255 2208 374 2291 πατρὸς
395 2210 448 2296 τήν
471 2208 632 2272 πολιτείαν.
677 2207 725 2270 διὸ
753 2205 840 2291 μένει
869 2203 917 2268 ἐπὶ
943 2205 1101 2292 σχήματος
1129 2202 1209 2290 ἔχων
1239 2201 1370 2276 ύπεξου·

254 2310 338 2384 σίους
360 2311 431 2386 τοὺς
453 2295 573 2385 παῖδας.
618 2313 666 2374 καί
689 2309 722 2373 ἐκ
744 2312 800 2374 τοῦ
822 2307 959 2372 ἐναντίου
989 2307 1025 2370 δὲ
1051 2306 1079 2370 εί
1106 2307 1134 2368 ot
1156 2305 1265 2381 παῖδες
1291 2304 1370 2369 rele-

254 2413 497 2498 gateuoemst).
513 2413 569 2480 οθκ
591 2413 833 2478 ἀπαλλάττονται
856 2415 910 2497 τής
932 2412 987 2476 τοῦ
1010 2410 1128 2492 πατρὸς
1150 2406 1370 2492 ύπεξουσιύτη-

204 2525 239 2578 10
257 2540 318 2594 τος.
354 2517 384 2582 3.
407 2515 639 2603 Ἐκατηγορήθη
663 2538 706 2591 τις
729 2507 773 2590 δίς
796 2539 821 2578 τι
845 2514 1080 2601 πλημμελήσας·
1103 2510 1171 2576 εἶτα
1194 2513 1246 2575 τοῦ
1270 2511 1372 2593 ἁμαρ-
1389 2515 1420 2566 3.

257 2619 391 2705 τήματος
412 2618 670 2706 ἀποδειχθέντος,
695 2619 711 2680 ύ
734 2616 839 2704 ἄρχων
863 2616 1062 2702 ἀπεφήνατο·
1090 2613 1226 2696 πέμπω
1249 2634 1295 2676 σε
1316 2611 1374 2688 είς

253 2721 446 2803 μέταλλον
469 2721 489 2810 ή
512 2719 767 2805 παραδίδωμί
787 2740 828 2782 σε
851 2717 1021 2804 θηρίοις·
1044 2713 1135 2791 οὗτος
1157 2713 1279 2789 εύθέιος
1300 2713 1374 2777 δοῦ·

256 2822 311 2898 λος
331 2824 443 2902 γίνεται
466 2828 522 2908 τής
543 2823 737 2908 τιμωρίαςῑο)
760 2820 909 2884 ἐκπίπτων
937 2819 973 2883 ού
994 2819 1089 2904 μόνον
1113 2817 1265 2892 πολιτείας
1294 2815 1374 2878 ἀλλὰ

256 2924 304 2986 καὶ
326 2921 514 3008 ἐλευθερίας.
537 2925 586 2986 καὶ
607 2924 706 3007 τούτῳ
727 2925 775 3007 τῷ
792 2921 897 3006 τρόπῳ
913 2919 1105 2992 αὐτεξούσια
1119 2918 1252 3000 γίνονται
1275 2915 1373 2981 αὐτοῦ
1511 2999 1512 3004 ¹

204 3021 285 3103 25¹0?
307 3026 425 3101 παῖδες.
469 3027 498 3091 4.
527 3023 727 3101 Ὑπεξούσιος
749 3024 876 3088 ἔνοπλον
905 3021 1134 3108 ἐστρατεύσατο
1164 3023 1328 3106 στρατείαν
1350 3021 1374 3110 ή
1393 3041 1419 3092 4,

256 3130 364 3212 γέγονε
386 3129 583 3214 συγκλητικὸς
605 3128 623 3214 ή
647 3128 738 3209 natu)
762 3127 919 3200 ὑπατικὸς·
947 3126 1034 3209 μένει
1061 3125 1152 3188 οὐδὲν
1181 3123 1272 3213 ήττυν
1300 3119 1376 3188 ὑπε-

257 3232 380 3312 ξούσιος
409 3233 455 3316 τῷ
478 3232 579 3314 πατρί.
630 3229 795 3314 στρατείας
822 3229 882 3316 γὰρ
910 3228 929 3316 ή
960 3228 1105 3304 ὑπατείας
1133 3228 1255 3310 ἀξίωμα
1283 3226 1376 3296 αὐτε-

257 3333 381 3407 ξούσιον
403 3332 440 3399 ού
465 3338 547 3398 ποιεῖ
566 3335 616 3397 τὸν
641 3331 744 3398 παῖδα.
754 3334 782 3396 1λ
813 3332 839 3395 εί
861 3331 897 3395 δὲ
919 3331 1046 3417 γένηται
1076 3330 1231 3416 πατρίκιος
1260 3326 1371 3395 δύπε-

326 3558 349 3622 1)
368 3555 393 3609 d.
407 3553 448 3609 Vi.
459 3554 493 3609 R.
544 3554 567 3618 ²)
585 3554 646 3608 uolo
664 3559 692 3608 te
710 3553 846 3622 deportari
863 3555 881 3607 i.
898 3555 915 3608 i.
927 3557 945 3608 i.
957 3554 999 3608 Vi.
1011 3554 1053 3616 R,
1073 3570 1187 3624 quocum
1204 3553 1271 3609 feeit
1288 3554 1374 3608 letina

255 3643 368 3708 interpr.
390 3641 420 3694 P.
441 3640 575 3695 ’τούτέστι
599 3639 737 3706 βουλομαί
756 3657 788 3692 σε
813 3641 998 3712 ἀπενεχθῆναι
1023 3640 1062 3700 εἰς
1088 3640 1171 3709 τήνδε
1197 3639 1247 3708 τήν
1275 3638 1373 3708 νήσον’,

257 3741 337 3795 quem
354 3733 382 3780 et
400 3723 442 3778 vi.
461 3724 493 3778 R.
511 3724 618 3778 hebent.
704 3725 728 3792 ³)
746 3723 896 3794 ἐξαιρεῖται
913 3725 956 3779 Vi.
973 3725 1005 3778 R.
1074 3728 1099 3792 ⁴)
1116 3727 1174 3778 τῶν
1192 3725 1322 3794 ρινμιαίινν
1340 3725 1374 3780 Ρ.

257 3816 281 3880 5)
297 3811 452 3880 ἐξορισθείς
462 3811 525 3879 Epi.
594 3811 618 3879 ⁶)
636 3809 661 3863 d.
678 3811 720 3866 vi.
739 3810 770 3864 R.
840 3811 863 3878 ⁷)
880 3811 1006 3882 ἀναλάβῃ
1027 3810 1068 3864 vi.
1088 3810 1121 3866 R.
1190 3812 1213 3878 ⁸)
1231 3811 1372 3864 τουτέστιν

257 3897 373 3966 ἐξορίζιν
391 3913 436 3949 σει
456 3896 494 3955 εἰς
511 3896 592 3965 τήνδε
610 3895 659 3964 τήν
680 3901 762 3966 νῆσον
781 3895 832 3962 [είς
849 3895 897 3965 τὴν
917 3902 1000 3966 νῆσον
1019 3896 1099 3968 τήνδε
1116 3896 1158 3967 Ρ.]
1183 3895 1286 3951 addunt
1304 3895 1373 3950 libri.

258 3982 327 4044 εδδ..
345 3988 386 4037 set
403 3997 472 4050 quae
491 3980 621 4048 glossema
638 3980 784 4036 redoleant.
890 3982 914 4048 ⁹)
933 3982 1118 4053 ἐξοριοδῶσιν
1136 3982 1167 4036 F.
1282 3983 1317 4048 ιο)
1334 3985 1373 4052 τῇ

259 4070 374 4138 τιμωρίᾳ
392 4068 435 4120 Vi.
452 4067 485 4121 R.
587 4068 621 4133 ¹¹)
639 4066 665 4120 d.
682 4066 712 4120 P.

328 4173 355 4238 a)
373 4170 434 4238 Epi.
445 4174 471 4238 o,
483 4173 515 4224 21
534 4169 573 4240 [Ζ.
586 4170 630 4239 20]
650 4176 677 4224 et
695 4184 750 4238 seq.
767 4169 836 4239 spa.
846 4174 888 4238 31,
900 4173 924 4226 7.
942 4171 1037 4226 Proeh.
1055 4175 1097 4241 26,
1109 4176 1132 4227 3.
1146 4172 1238 4227 Herm.
1259 4177 1281 4240 l,
1297 4174 1334 4227 17.
1346 4177 1372 4226 4.
