3022 4884
563 382 797 447 -113—

132 583 177 631 me
189 571 406 648 perceptorum
427 566 586 634 fructuum
608 565 767 636 domiuum
788 567 857 636 fiori
879 588 937 653 pro
958 569 1084 638 culture
1105 576 1138 638 et
1160 585 1248 650 curu·

132 702 217 766 quum
237 686 271 750 r'n
292 686 392 752 isdem
413 687 561 770 impendi.
582 685 587 689 ’
606 693 639 754 st
664 685 736 755 idco
766 695 877 771 postes
905 691 1130 772 superueniens
1156 689 1247 756 fundi
1366 671 1367 674 ¹

134 803 269 870 domiuus
290 804 420 871 fundum
443 807 662 873 uindicaturus
683 807 809 896 nmium,
821 808 852 874 iu
875 825 925 874 me
946 809 1076 877 habebit
1090 810 1245 877 actionem

131 921 165 986 de
188 921 344 990 fructibus
373 937 451 1006 quos
480 941 538 1006 ego
571 921 645 992 inde
673 915 846 1010 percipiens
873 927 1060 1009 consumpsi.
1111 927 1140 993 si
1168 941 1246 995 uero

133 1037 225 1106 sciens
247 1037 383 1108 alienum
409 1039 601 1124 possederim
623 1061 747 1125 omum,
775 1059 836 1110 non
858 1035 969 1111 facicm
992 1061 1077 1112 meos
1104 1043 1245 1111 fructus:
1280 1049 1298 1100 ὅ

135 1161 235 1242 itaque
266 1164 298 1226 et
330 1159 460 1226 fundum
493 1180 564 1227 cum
596 1162 668 1228 iude
701 1163 857 1245 perceptis
889 1163 1044 1230 fructibus
1076 1164 1246 1232 restituere

89 1293 218 1360 uccogur
245 1280 340 1346 etiem
367 1279 395 1345 si
424 1299 478 1347 eos
506 1283 761 1362 consumpserim.
818 1283 869 1348 36.
903 1284 1053 1352 Eiusdem
1079 1283 1147 1366 egri
1175 1299 1247 1366 pro

130 1398 288 1477 prietatem
311 1418 369 1481 ego
390 1399 553 1478 habebam,
576 1405 612 1465 tu
634 1405 740 1468 eutem
762 1401 975 1468 usufructum:
996 1419 1059 1468 uon
1079 1400 1173 1467 citer
1192 1400 1247 1468 doe

129 1516 223 1582 miuus
245 1515 406 1584 fructuum
428 1517 494 1596 fies,
518 1526 612 1600 quum
634 1517 663 1583 si
685 1533 738 1585 eos
759 1519 947 1602 perceperis.
981 1524 1014 1586 et
1039 1517 1112 1584 ideo
1134 1519 1161 1583 si
1182 1532 1247 1586 mo·

129 1635 202 1702 turis
223 1633 380 1703 fructibus
402 1635 504 1704 adhuc
526 1643 631 1703 temen
653 1635 862 1720 pendentibus
889 1637 1073 1716 decesseris,
1101 1648 1155 1704 eos
1184 1653 1244 1705 non
1266 1646 1298 1698 ιο

132 1756 277 1839 percipiet
305 1755 395 1842 heres
425 1763 514 1836 tuus,
554 1762 603 1823 set
634 1758 841 1840 proprietario
875 1756 1086 1838 pertinebunt.
1137 1753 1245 1822 eedem

131 1873 191 1942 fere
219 1883 253 1942 et
283 1877 322 1942 de
351 1876 458 1942 colono
487 1876 638 1959 optinent.
682 1878 709 1942 si
737 1877 820 1944 euim
842 1894 953 1960 ugrum
981 1874 1243 1953 childemeris,

126 2013 180 2060 uon
203 1997 294 2079 prius
316 1996 462 2062 domiuus
483 1995 642 2062 fructuum
664 1996 737 2062 iude
752 1997 966 2078 quaesitorum
986 1993 1053 2074 fies,
1075 2012 1168 2078 quum
1190 2013 1246 2062 eus

128 2119 250 2180 eterra
272 2116 458 2198 perceperis.
490 2116 617 2196 [uoculc
638 2121 744 2182 eutem
765 2114 853 2181 fere
875 2131 1072 2197 superuacua
1093 2113 1245 2190 uideturl.¹

87 2231 282 2326 succuum
305 2234 345 2300 de
366 2233 436 2317 egri
458 2233 623 2301 usufructu
644 2234 768 2301 locutus
790 2235 859 2312 sim,
881 2233 1094 2299 admonendus
1117 2249 1150 2298 es
1172 2240 1246 2298 usud
1266 2249 1296 2300 rc

128 2345 259 2418 fructum
282 2350 438 2434 pecudum
461 2349 560 2419 fctum
582 2369 690 2421 eorum
712 2369 790 2433 esse,
813 2353 906 2418 sicuti
927 2359 960 2419 et
973 2351 1085 2418 luctem
1101 2356 1133 2418 ct
1147 2350 1245 2430 pilum

129 2470 290 2536 eclanum.
335 2471 443 2554 itaque
465 2471 539 2553 egui
561 2475 595 2538 ec
615 2469 708 2536 haedi
731 2476 763 2536 et
784 2468 876 2536 uituli
905 2477 937 2535 et
964 2467 1071 2551 equuli
1093 2467 1185 2534 simul
1207 2485 1245 2534 uc

129 2596 297 2658 nuscuntur
317 2590 455 2657 naturali
475 2591 545 2658 iure
566 2591 607 2657 ud
629 2589 896 2656 usufructuarium
917 2589 1086 2674 pertinent.
1133 2594 1244 2671 partus

125 2725 196 2774 uero
210 2707 345 2776 aucillue
358 2727 421 2776 nou
436 2713 511 2774 suut
525 2709 557 2776 iu
571 2707 692 2784 fructu;
713 2725 812 2790 quare
826 2709 855 2776 si
869 2709 929 2776 tibi
943 2707 1171 2776 usumfructum
1193 2725 1245 2774 su·

125 2825 208 2894 cilice
230 2845 320 2900 mese
343 2828 502 2908 cesserim,
522 2827 594 2896 loco
613 2829 772 2896 fructuum
793 2827 1002 2895 ministerium
1024 2829 1094 2894 eius
1113 2826 1245 2894 hebebis
1260 2835 1295 2887 2⁰

126 2951 302 3030 creperum
327 2933 474 3014 muscum
497 2948 581 3029 eius,
603 2956 714 3032 portus
743 2955 848 3015 autem
879 2949 996 3015 domini
1024 2947 1088 3015 fiet.
1137 2947 1244 3012 obsur-

126 3061 192 3130 dum
219 3067 303 3134 enim
331 3062 437 3133 uisum
464 3074 512 3134 est
540 3064 696 3142 hominem
722 3061 876 3135 fructibus
903 3065 1144 3143 commereri,
1172 3079 1243 3132 cum

97 3179 241 3252 fructus
271 3203 378 3254 omncs
406 3199 512 3255 rerum
539 3163 653 3254 nature
681 3188 840 3256 homiuum
867 3185 971 3273 gretie
1004 3177 1242 3268 comparauerit.
