3038 4884
575 389 788 455 -48-

118 574 197 640 enim
221 579 341 656 patrem
364 574 481 642 habere
502 574 736 659 intelleguntur,
757 577 873 660 quippe
895 576 949 659 qui
974 581 1103 658 propter
1129 593 1242 643 coeun-

117 691 194 756 tium
218 692 450 758 multitudinem
472 693 612 758 ineertns
634 694 685 772 sit,
708 701 758 760 sot
780 693 879 775 spurii
910 694 1018 762 uocari
1044 695 1159 761 solent:
1188 695 1240 762 nel

116 830 135 875 a
154 828 271 892 graeca
291 829 369 877 noce
392 811 482 893 quasi
503 811 667 898 σποράδην
696 809 838 894 concepti
868 811 920 877 uel
948 812 1038 895 quasi
1061 810 1128 877 sine
1149 818 1240 895 patre

115 927 178 994 filii
232 929 375 1010 sequitur
404 947 478 1010 ergo
508 935 599 996 utet
628 931 780 996 dissoluto
807 929 864 995 tali
892 930 992 1010 coitu,
1026 949 1129 1012 nequa
1158 931 1240 996 dotis

115 1049 235 1114 exacuo
256 1047 325 1114 fieri
347 1050 456 1130 possit
500 1051 554 1130 qui
577 1056 682 1115 autern
704 1049 880 1132 pmhibitas
903 1049 1092 1117 contrahunt
1114 1049 1240 1129 nuptias
1274 1059 1291 1110 5

115 1187 174 1234 non
197 1169 300 1233 solum
321 1167 502 1248 praedictas
522 1186 639 1250 poenas
654 1167 830 1250 patiuntur,
853 1167 996 1233 natalias
1011 1184 1144 1249 quoque,
1160 1185 1241 1248 quae

72 1301 106 1354 13.
115 1303 151 1350 ax
170 1285 400 1368 principalibus
423 1285 699 1354 constitutionibus
722 1286 807 1352 nosci
830 1291 971 1369 possunt.
1012 1285 1060 1348 13.
1093 1282 1241 1350 Inuenire

114 1410 220 1470 antem
247 1405 320 1470 licet
347 1404 506 1470 interdum
533 1409 571 1468 ut
598 1404 712 1489 aliquis
741 1406 847 1472 statim
875 1408 912 1470 nt
940 1409 1033 1470 natus
1060 1403 1159 1470 sitin
1186 1422 1241 1485 po-

113 1527 229 1589 testate
250 1522 392 1604 parentis
414 1541 476 1589 non
501 1520 574 1602 fiat,
602 1527 712 1605 postea
738 1540 815 1590 uero
842 1521 874 1587 in
908 1527 1096 1603 potestatem
1119 1521 1242 1604 rediga-

112 1647 173 1706 tur.
209 1646 242 1706 et
265 1640 336 1722 quis
359 1645 408 1704 est
430 1638 605 1706 eiusmodi?
626 1640 708 1706 coiui
731 1659 802 1706 cum
824 1638 955 1706 muliere
978 1641 1122 1722 quadam,
1146 1627 1239 1724 quam
1260 1664 1292 1716 10

113 1760 178 1824 iure
198 1771 331 1826 uxorem
355 1759 470 1826 ducere
492 1777 554 1825 non
576 1760 773 1842 prohiberem
796 1761 877 1826 coiui
900 1765 1088 1826 tamennon
1112 1766 1148 1827 ιιι
1170 1779 1240 1827 cum

113 1895 220 1956 uxore,
244 1885 295 1944 set
317 1883 353 1942 nt
375 1897 446 1944 cum
468 1877 633 1946 meretrice
655 1879 737 1946 forte
760 1886 816 1945 aut
839 1877 1021 1945 concubina.
1056 1879 1146 1945 liberi
1167 1879 1241 1945 inde

111 1998 177 2062 nati
199 2002 287 2062 sunt.
310 2015 443 2080 quorum
466 1997 600 2080 quisque
623 2018 684 2064 non
708 2003 758 2064 est
779 1999 811 2062 io
827 2003 994 2080 potestate,
1018 1998 1092 2080 quia
1113 1997 1241 2081 nuptiae

112 2133 172 2181 non
194 2122 445 2198 praecesserunt,
469 2122 519 2182 set
539 2116 692 2183 naturalis
710 2121 764 2182 est
786 2115 879 2184 filius.
906 2116 989 2184 hunc
1010 2115 1110 2198 optuli
1131 2120 1241 2198 postea

113 2233 233 2317 curiae;
263 2252 327 2318 quo
349 2235 442 2314 tacto,
463 2236 496 2300 in
519 2253 620 2302 meam
641 2236 805 2318 redigetur
831 2240 1030 2319 potestatem.
1080 2234 1162 2302 idem
1192 2240 1241 2302 est
1260 2247 1291 2298 15

115 2351 209 2417 etiam
231 2353 260 2417 si
283 2371 353 2418 cum
375 2353 505 2419 muliere
526 2352 624 2432 coiui,
654 2370 716 2418 non
746 2357 851 2418 tamen
880 2353 973 2419 sicuti
1003 2371 1115 2432 uxore,
1145 2370 1238 2436 quam
1272 2438 1274 2442 γ

114 2487 242 2538 uxorem
266 2472 383 2538 habere
396 2492 472 2542 ,non
498 2473 547 2538 ius
577 2479 627 2538 set
654 2472 851 2555 propositum
877 2471 1051 2554 impediret.
1101 2472 1128 2536 si
1155 2469 1239 2536 filins

113 2589 184 2657 inde
211 2596 377 2666 nascatur,
407 2608 470 2656 non
497 2593 558 2657 erit
583 2590 617 2655 in
645 2596 810 2673 potestate.
861 2596 910 2656 set
937 2590 966 2655 si
993 2569 1118 2672 postea,
1146 2590 1239 2656 sicuti

113 2709 250 2789 piissimi
271 2709 422 2793 principis
444 2710 546 2777 nostri
568 2709 791 2776 constitutione
813 2715 940 2776 cautum
963 2715 1027 2788 est,
1056 2708 1172 2774 dotalia
1194 2709 1239 2773 in·

113 2831 291 2896 strumenta
312 2846 382 2894 cum
405 2846 443 2894 ea
464 2807 705 2911 componantur,
727 2846 789 2893 non
817 2833 940 2896 tantum
969 2827 1023 2909 qui
1050 2833 1144 2894 antea
1172 2827 1240 2897 nati
1256 2847 1293 2898 ιο

114 2954 186 3014 sunt
220 2954 271 3016 set
300 2949 394 3013 etiam
423 2949 450 3014 si
479 2965 558 3030 quos
591 2952 664 3029 post
691 2947 933 3013 instrumentum
966 2946 1126 3014 conditum
1154 2947 1240 3012 nasci

114 3067 291 3148 contigerit,
313 3067 345 3132 in
368 3085 438 3132 mea
458 3064 634 3132 efficientur
656 3071 813 3148 potestate
836 3063 1006 3131 secundum
1029 3081 1067 3130 aa
1088 3082 1169 3145 quae
1191 3082 1240 3130 sa-

114 3185 283 3250 cratissimi
304 3183 453 3267 principis
475 3183 577 3250 nostri
600 3182 825 3250 constitutione
848 3183 1058 3249 continentur.
