3022 4884
537 778 585 843 De
607 777 872 862 donationibus.¹)
917 779 1039 844 Titulus
1063 783 1091 842 7.

271 989 273 994 '
338 962 420 1034 Ἔστι
442 971 490 1032 καί
512 967 620 1054 έτερος
642 971 756 1055 τρόπος
778 973 916 1055 κτήσεως
938 972 954 1032 ὁ
977 973 1034 1056 τῆς
1054 969 1190 1054 δωρεᾶς.
1214 971 1263 1032 καί
1285 969 1375 1050 ἀναγ-

259 1073 345 1134 καῖον
367 1072 437 1155 περὶ
459 1068 554 1156 αὐτῆς
577 1069 744 1151 διαλαβεῖν.
788 1069 986 1159 ἐμνήσθημεν
1008 1072 1045 1136 δὲ
1067 1073 1178 1159 ταύτης
1200 1074 1245 1148 ῶς
1266 1071 1301 1134 ἐν
1323 1095 1378 1135 πο-

257 1173 409 1259 ρεκβιίσει
430 1176 479 1236 καί
501 1173 534 1235 ἐν
556 1175 621 1248 τοῖς
642 1171 860 1256 προλαβοῦσιν,
882 1173 959 1236 ἀλλὰ
982 1176 1034 1236 νῦν
1056 1174 1175 1238 τελείαν
1196 1177 1266 1260 περὶ
1281 1173 1375 1260 αὐτῆς

260 1275 452 1361 ποιοίμεθαί)
474 1262 681 1340 διδασκαλίαν.
725 1281 788 1339 τῶν
810 1275 847 1340 δὲ
868 1275 1001 1360 δωρεῶν
1024 1277 1081 1341 δύο
1104 1277 1199 1360 ἐστιί)
1229 1277 1302 1363 γένη
1332 1278 1378 1340 καί

223 1378 279 1463 οη
299 1378 357 1462 μὲν
379 1377 498 1460 λέγεται
519 1378 630 1444 mortis
653 1379 791 1464 ουαεαη
818 1378 855 1441 δὲ
882 1379 967 1443 inter
988 1379 1088 1444 uiuos.
1135 1383 1163 1442 1.
1196 1377 1376 1460 4)Μοτίίε
1395 1384 1417 1435 l-

258 1498 379 1545 causa
400 1479 462 1543 ἐστὶ
482 1479 591 1563 δωρεὰ
613 1480 705 1565 ὴδιὰ
727 1480 872 1544 ύπύνοιαν
893 1480 1036 1567 γινομένη
1060 1480 1208 1544 θανοίτου.
1233 1481 1298 1544 οἷον
1319 1480 1373 1544 ἐοίν

259 1602 302 1655 τις
323 1581 509 1670 δωρὴοηταί
531 1606 584 1646 τινι
612 1582 732 1667 μέλλων
760 1584 843 1646 πλεῖν
869 1582 1055 1646 ἐπικίνδυνον
1084 1584 1178 1646 πλοῦν
1207 1582 1227 1669 ἢ
1254 1581 1374 1646 ὁδεύειν

258 1684 334 1748 ύδὸν
355 1684 578 1770 ἐνοχλουμένην
601 1686 659 1748 ὑπὸ
689 1685 809 1772 θηρίων
836 1684 856 1770 ἢ
877 1686 1001 1772 λῃστῶν
1026 1684 1238 1770 ἢπολεμίων·
1256 1685 1326 1766 Ιίνα,
1354 1683 1384 1748 εί

257 1809 285 1848 τι
312 1786 509 1870 ἀνθρώπινον
539 1791 584 1874 τῷ
605 1787 822 1874 δωρησαμένῳ
852 1787 967 1874 συμβῇ,
994 1788 1206 1874 ἀναφαίρετον
1235 1785 1291 1874 ἔχη
1321 1789 1375 1874 τὴν

210 1894 242 1946 10
259 1889 384 1975 δωρεὰν
405 1890 423 1952 δ
446 1890 559 1976 ταύτην
580 1890 767 1973 δεξάμενος·
791 1891 818 1953 εἰ
839 1890 876 1953 δὲ
898 1894 953 1953 τοῦ
975 1890 1191 1977 δωρησαμένῳ
1214 1890 1379 1974 προτελευ-

257 1991 336 2078 τήση
358 1992 376 2054 δ
399 1992 511 2078 ταύτην
532 1990 713 2076 δεξάμενος,
736 1992 848 2065 ἐξεῖναι
864 1995 911 2077 τῷ
932 1991 1151 2078 δωρησαμένῳ
1167 1992 1377 2074 repetitel‘lein

257 2095 292 2157 τὸ
317 2093 472 2181 δωρηθέν.
514 2094 542 2156 εί
563 2094 599 2158 δὲ
618 2101 763 2178 μεταγνῶ
786 2097 803 2158 ύ
826 2094 1060 2182 δωρησάμενος,
1083 2095 1302 2180 ἀναληφετοιί)
1325 2095 1380 2179 τὴν

258 2197 392 2280 δωρεὰν,
416 2197 521 2281 ὥςπερ
543 2197 570 2259 εἷ
591 2199 639 2260 καλ
669 2198 930 2283 προετελεύτησεν
959 2199 976 2259 ύ
1007 2200 1062 2283 τὴν
1089 2198 1215 2283 δωρεὰν
1243 2197 1378 2281 δεξάμε·

260 2320 320 2372 νος.
365 2298 453 2362 αὗται
483 2298 519 2361 δὲ
546 2301 577 2362 αί
604 2299 715 2365 mortis
742 2319 840 2365 causa
869 2300 988 2383 δωρεαὶ
1017 2300 1140 2362 ἐοίκοοε
1169 2301 1294 2387 ληγοίτῳ
1325 2298 1375 2361 διὰ
1494 2339 1495 2348 1

208 2413 241 2465 15
259 2403 423 2485 πάντωνΰ).
469 2402 560 2465 πιίλαι
582 2402 643 2488 γὰρ
669 2403 787 2487 μεταξύ
816 2407 879 2466 τῶν
909 2407 1038 2486 νομικῶν
1067 2402 1238 2487 ἀμφιβολία
1265 2425 1312 2477 τις
1340 2400 1376 2488 ἦν

259 2504 392 2589 πότερον
413 2503 539 2588 δωρεᾶς
560 2503 580 2589 ἢ
602 2505 737 2589 ληγάτου
757 2505 881 2590 μίμησιν
903 2502 973 2592 ἔχει.
1017 2505 1067 2567 καί
1088 2503 1196 2590 ἐπειδὴ
1217 2504 1376 2588 ἑκατέρων

259 2603 323 2691 εἶχε
344 2606 555 2692 γνωρίσματα,
577 2605 703 2692 δωρεᾶς
725 2608 803 2694 φημί
826 2607 873 2669 καὶ
894 2608 1037 2692 ληγιίτου,
1060 2607 1088 2668 οί
1105 2605 1163 2688 μὲν
1187 2604 1316 2670 ἑοικέναι
1339 2610 1375 2692 τῇ

259 2706 380 2792 δωρεᾷ,
402 2709 430 2770 οἱ
451 2706 488 2770 δὲ
510 2707 726 2794 παραπλησίαν
748 2707 824 2771 εἶναι
845 2708 969 2794 ληγοίτῳ
992 2707 1105 2792 ταύτην
1127 2705 1282 2791 ἔφασκον·
1308 2709 1375 2771 ταύ·

259 2831 314 2896 την
336 2810 373 2872 δὲ
394 2811 546 2895 τέμνουσα
567 2813 622 2898 τὴν
645 2812 829 2896 φιλονεικίαν
851 2809 991 2898 προῆλθε
1018 2809 1154 2882 διάταξις
1181 2809 1236 2872 τοῦ
1264 2811 1375 2896 ἡμετέ-

207 2938 243 2992 20
257 2936 318 2997 ρου
339 2913 493 2995 βασιλέως
514 2913 705 2988 θεσπίζουσα
727 2914 804 2977 κατὰ
827 2915 925 2976 ποίντα
947 2911 1059 3001 σγεδὸν
1081 2909 1258 2984 ἐξισοῦσθαι
1282 2912 1375 2998 αύτην

260 3021 323 3094 τοῖς
350 3018 501 3103 ληγοίτοις.
550 3019 586 3081 τὸ
614 3017 650 3080 δὲ
672 3016 813 3104 σχεδὸν
840 3016 935 3094 είπον,
964 3013 1070 3100 ἐπειδὴ
1100 3015 1161 3077 ἀπὸ
1190 3015 1309 3092 ζῶντος
1334 3016 1377 3092 είς
1490 3005 1491 3066 λ

260 3121 360 3194 ζῶντα
382 3119 538 3202 γίνεταιί).
583 3117 776 3183 σονιστοίοθω
798 3118 900 3182 τοίνυν
920 3119 998 3180 κατὰ
1019 3117 1057 3179 τὰ
1079 3116 1227 3202 εἰρημένα
1253 3117 1377 3203 τῇθείᾳ

259 3222 405 3295 διατάξει.
443 3222 487 3296 ὡς
509 3220 541 3283 ἐν
563 3222 722 3306 κεφαλαίῳ
744 3220 781 3283 δὲ
802 3220 914 3285 mortis
937 3238 1034 3285 causa
1049 3219 1163 3304 δωρειί
1176 3218 1268 3297 ἐστιν,
1285 3222 1378 3284 δπύτε

259 3325 369 3389 ἑαυτύν
392 3346 436 3399 τις
455 3324 601 3406 βούλεται
623 3322 712 3413 ἔχειν,
738 3324 819 3411 ἢπερ
847 3324 977 3403 ἐκεῖνον,
1008 3322 1067 3411 ᾦῧ)
1096 3324 1302 3411 ἐδωρήσατο,
1333 3323 1377 3386 καί
1488 3355 1489 3385 ι

208 3447 243 3501 25
258 3427 374 3512 μᾶλλον
397 3427 430 3488 τὸ
453 3431 580 3510 πρᾶγμα
601 3426 819 3511 κερδαίνεσθαι
837 3427 983 3509 βούλεται
1005 3427 1063 3490 ύπὸ
1087 3431 1140 3491 τοῦ
1167 3429 1223 3514 τὴν
1252 3427 1377 3512 δωρεὰν
1487 3505 1488 3512 ¹

260 3528 433 3610 δεξαμένου
454 3528 534 3615 ἤπερ
557 3529 647 3610 ὑπδθ)
674 3527 727 3593 τού
756 3529 869 3593 οἰκείου
899 3531 1100 3618 κληρονόμου.
1146 3530 1292 3615 τοιαύτην
1315 3553 1376 3592 ποι·
1487 3535 1488 3545 ’

332 3852 356 3917 ¹)
378 3853 441 3919 περὶ
458 3854 569 3920 δωρεῶν
589 3852 631 3907 ad.
650 3853 718 3907 libri.
857 3827 858 3832 ¹
923 3891 925 3894 -
943 3853 966 3920 ²)
984 3869 1019 3907 ex
1037 3854 1072 3922 ej.
1090 3853 1137 3908 R.:
1156 3859 1206 3908 cet.
1227 3853 1374 3918 -ούμεθσ,
1485 3834 1486 3863 ¹

261 3935 284 4002 8)
302 3934 354 3987 εἰσι
365 3933 414 3993 Ἢ.
563 3939 587 4004 4)
601 3939 645 3990 καί
662 3938 704 3992 ad.
722 3938 772 3992 11⁶.
793 3937 831 3995 vi.
849 3939 883 3993 R.
1037 3941 1060 4005 ὅ)
1078 3939 1266 4006 ἀναλαμβάνει
1285 3939 1328 3994 vi.
1345 3937 1375 3992 R.
1484 3963 1485 4023 η

260 4019 284 4086 ⁶)
302 4019 341 4072 ita
355 4019 393 4074 Μ.
412 4022 455 4073 διὰ
471 4023 573 4083 παντός
590 4028 640 4076 cet.
739 4025 762 4090 ⁷)
779 4041 891 4076 -ονται
912 4024 954 4077 Vi.
973 4023 1005 4079 R.
1092 4025 1116 4091 ⁸)
1134 4042 1218 4092 -νσς,
1237 4024 1268 4084 ὃς
1287 4024 1325 4077 Μ.
1343 4039 1374 4076 m.
1483 4083 1484 4096 2

214 4097 216 4102 ¹
263 4109 306 4160 la.
325 4124 412 4158 -νων
430 4102 453 4177 ᾧ
470 4123 507 4162 m.
524 4111 584 4162 λικε
602 4124 685 4176 marg.
703 4111 720 4179 ἢ
738 4109 816 4178 ὅπερ.
919 4111 942 4176 ⁰)
961 4111 1014 4163 ἀπδ
1036 4112 1078 4166 Vi.
