2990 4884
592 383 801 446 ..74-

132 585 222 632 crum
245 566 289 633 ibi
312 571 344 630 et
368 566 486 635 tutelse
508 586 589 634 onus
611 586 681 636 esse
703 568 805 635 debet.
851 569 921 636 ideo
946 574 1052 636 autem
1079 568 1143 634 dixi
1172 568 1255 652 ›ple-

127 701 297 766 rumque«‚
319 687 392 768 quia
414 686 443 751 si
465 685 581 752 femina
603 687 795 769 impuberem
810 688 1012 768 manumittit,
1034 688 1075 754 ad
1098 691 1165 754 elus
1187 689 1254 769 qui·

128 807 201 872 cem
226 805 454 872 successionem
476 811 619 884 uocatur,
642 810 691 870 set
713 805 780 871 eius
803 805 902 872 tutela
924 825 986 873 non
1007 812 1169 889 grauatur.
1206 812 1253 872 tu·

126 925 192 990 tela
216 926 299 992 enim
323 925 414 991 uirile
436 924 572 991 officium
595 929 644 992 est
666 929 762 1006 atque
783 943 803 989 a
824 924 946 993 leminis
967 925 1114 992 alienum.

305 1583 352 1648 De
374 1583 514 1663 legitima
535 1587 700 1666 pareutum
723 1584 831 1649 tutela.
876 1581 997 1648 Titulus
1022 1583 1071 1648 18.

216 1768 332 1834 Filium
355 1786 459 1835 meum
482 1773 538 1833 ant
559 1767 654 1834 filium
677 1785 788 1846 meam,
811 1773 868 1834 aut
889 1775 1034 1852 nepotem
1049 1774 1106 1835 aut
1119 1773 1253 1851 neptem,
1288 1797 1305 1849 5

131 1907 204 1954 cum
230 1887 332 1953 adhuc
356 1895 462 1953 essent
490 1887 682 1970 impuberes,
711 1887 913 1969 emancipari.
963 1891 1069 1953 tutore
1095 1886 1254 1970 indigent3

129 2007 278 2092 quisnam
301 2011 389 2072 tutor
410 2004 493 2073 erit?
516 2010 653 2072 tutorem
675 2009 864 2073 testamento
879 2007 987 2072 datum
1009 2025 1048 2072 ne
1063 2005 1166 2074 dicero
1188 2004 1255 2087 qui-

130 2125 202 2190 dem
238 2131 288 2191 est
319 2130 508 2191 testamento
541 2125 623 2190 enim
652 2126 679 2190 is
707 2131 846 2192 tutorem
878 2123 1044 2207 relinquit,
1073 2123 1126 2207 qni
1157 2125 1255 2206 impu·

129 2246 239 2311 berem
262 2244 294 2309 in
316 2248 474 2324 potestate
496 2244 607 2324 habet;
635 2249 684 2310 set
705 2261 807 2324 neque
827 2243 1013 2325 adgnatum,
1041 2243 1116 2326 quis
1145 2240 1255 2308 dissol-

130 2367 251 2429 uuntur
274 2363 521 2446 emancipatione
543 2363 742 2444 adgnationis
764 2363 844 2427 iura.
887 2363 956 2442 quis
985 2378 1060 2442 ergo
1082 2360 1124 2426 ad
1146 2378 1306 2442 eorum10

128 2483 261 2548 tutelam
291 2481 482 2548 uocabitur?
518 2482 599 2547 sicut
628 2483 690 2547 iam
718 2481 864 2564 superius
897 2480 1049 2555 diximus,
1084 2484 1175 2561 pater
1201 2477 1254 2546 nol

128 2617 219 2680 auus,
241 2602 296 2681 qui
319 2619 372 2666 eos
395 2600 642 2679 manumiserint,
664 2599 795 2665 tutelam
812 2616 937 2681 quoquc
957 2596 998 2663 ad
1017 2595 1254 2663 similitudinem

128 2725 332 2801 patronorum
354 2725 474 2802 gerent,
494 2718 549 2798 qui
571 2723 603 2784 et
625 2719 684 2801 ipsi
705 2717 836 2800 legitimi
859 2721 981 2782 tutores
1003 2717 1209 2784 necabuntur.
