3058 4890
600 433 832 497 -214-

155 621 235 686 solui
258 621 443 701 deberetur,
469 623 563 689 immo
592 627 625 687 et
653 618 788 687 fortasse
815 639 877 686 uon
906 620 1089 694 deberetur,
1119 619 1219 688 ueluti
1250 622 1277 687 si

155 739 295 806 condicio
323 741 496 808 defecisset.
548 740 623 823 quid
646 747 751 806 autem
775 740 814 806 de
840 740 992 806 eiusmodi
1015 739 1120 822 legato
1148 737 1217 818 dut,
1250 739 1278 806 ei

154 862 314 942 contingat
340 862 414 926 uiuo
438 867 590 928 testatore
605 862 686 927 diem
702 862 813 927 adesse
827 861 878 927 uel
893 859 1107 926 condicionem
1123 857 1278 926 existere?

154 985 187 1044 et
208 979 398 1061 Papinianus
420 986 600 1046 auctorest
622 981 700 1046 utile
722 997 790 1046 esse
814 979 1013 1045 nihilominus
1035 978 1184 1060 legatum,
1207 995 1277 1044 cum

153 1098 193 1163 ab
215 1098 305 1165 initio
327 1099 503 1166 constiterit
524 1099 709 1181 lucrumque
738 1102 770 1165 in
800 1119 835 1167 se
862 1097 1027 1180 habuerit,
1054 1097 1137 1179 quod
1169 1115 1279 1164 uerum
1312 1097 1328 1149 ὅ

154 1224 211 1282 est.
256 1236 318 1283 non
345 1219 427 1282 enim
453 1217 591 1301 optinuit
617 1219 813 1299 quorundum
848 1217 1004 1285 sententia
1032 1215 1278 1283 existimantium

153 1335 294 1416 extingui
316 1333 454 1417 legatum
476 1355 547 1404 cnm
568 1337 601 1403 in
623 1355 692 1404 eam
715 1356 842 1404 causam
863 1337 1059 1418 peruenerit,
1083 1353 1182 1418 aquo
1203 1334 1280 1402 inci·

153 1470 228 1535 pere
251 1473 312 1519 non
335 1457 482 1536 potuerit.
527 1475 598 1522 ecce
620 1459 701 1522 enim
729 1475 799 1522 cum
830 1455 898 1522 dies
925 1455 1028 1522 aderit
1058 1454 1111 1520 uel
1137 1453 1278 1522 condicio

154 1563 313 1650 extiterit,
327 1591 441 1653 purum
462 1574 623 1641 inuenitur
645 1576 785 1641 debitum
809 1582 949 1657 tempore
973 1573 1083 1640 mortis
1106 1572 1277 1640 testatoris.

155 1690 203 1755 sin
226 1697 332 1758 autem
354 1694 424 1774 quis
445 1694 485 1758 ab
508 1692 598 1760 initio
621 1694 705 1778 quod
727 1713 805 1775 pure
828 1693 998 1758 deberetur
1018 1691 1191 1774 legauerit,
1214 1674 1276 1757 iani
1297 1699 1329 1752 10

155 1808 346 1877 dictumest
373 1811 511 1893 legatum
541 1831 603 1880 nnn
634 1812 755 1898 ualere;
788 1812 838 1878 hic
871 1819 977 1878 autem
1004 1811 1106 1888 ualet,
1137 1830 1208 1879 curn
1237 1811 1277 1880 ab

104 1943 143 1995 15.
152 1927 244 1993 initio
267 1929 453 1996 constiterit
499 1932 549 1995 15.
582 1931 695 1998 Dotem
721 1950 741 1997 a
768 1949 839 1997 mea
868 1950 965 1997 uxore
993 1932 1114 2014 accepi,
1142 1933 1278 1999 moriens

153 2053 260 2113 autem
283 2048 417 2116 durante
440 2049 647 2129 matrimonio,
670 2051 698 2116 ei
721 2051 826 2116 dotem
848 2050 962 2132 tegani.
1012 2047 1100 2116 ualet
1126 2049 1286 2134 legatum„

154 2166 264 2231 utilius
287 2171 336 2232 eet
356 2167 437 2232 enirn
460 2167 585 2233 mulieri
606 2187 658 2234 res
680 2187 719 2234 ex
739 2168 844 2250 legato
867 2186 960 2252 quam
981 2187 1019 2234 ex
1035 2169 1108 2235 dote
1123 2176 1276 2252 repetere,

155 2303 237 2360 nam,
259 2286 352 2351 sicuti
374 2284 504 2352 inferius
532 2303 757 2368 proponemus,
784 2304 846 2352 non
875 2286 983 2352 stetim
1015 2285 1136 2369 nuptiis
1166 2286 1277 2352 solutis
1297 2304 1328 2357 lo

154 2423 279 2487 semper
305 2405 362 2471 dos
389 2405 546 2484 redditur,
576 2403 713 2486 legatum
740 2409 846 2470 nutem
873 2407 979 2470 statim
1008 2404 1151 2471 soluitur.
1202 2403 1279 2486 quid

154 2530 260 2590 autem
283 2523 310 2588 si
332 2542 402 2589 cum
425 2524 530 2590 dotem
551 2541 614 2588 non
636 2523 819 2605 acceperim,
841 2522 947 2588 dotem
970 2521 1061 2589 uxori
1083 2541 1172 2590 meae
1193 2519 1277 2606 lega·
1333 2595 1335 2604 ,

154 2641 279 2708 nerim?
305 2641 442 2709 Seuerus
470 2649 502 2708 et
523 2643 703 2709 Antoninus
733 2643 964 2725 rescripserunt
993 2645 1020 2709 ei
1049 2643 1176 2725 quidem
1205 2643 1279 2710 sim·
1328 2621 1334 2632 ’

152 2762 280 2844 pliciter
299 2761 472 2845 leganerim
495 2762 628 2845 (scilicet
648 2762 708 2830 hoc
733 2763 841 2830 modo:
871 2762 985 2832 uxori
1012 2779 1121 2830 meae
1149 2735 1286 2830 dotem

153 2882 260 2962 lego,
282 2897 395 2961 quam
417 2881 512 2946 mihi
534 2881 673 2965 dedit),
696 2883 807 2948 inutile
830 2899 899 2948 esee
920 2881 1069 2964 legatum,
1093 2881 1171 2948 nihil
1193 2881 1279 2950 enim
1294 2899 1329 2952 no

152 2996 231 3062 mihi
253 2997 341 3064 dedit
363 3017 420 3064 nec
441 3000 603 3080 quantitas
623 3004 721 3083 patet.
765 3003 812 3066 sin
835 3006 942 3068 autem
965 3005 1070 3068 certae
1093 3001 1280 3086 quantitatis

153 3118 344 3185 mentionem
366 3117 501 3197 fecerim,
523 3119 582 3185 hoo
604 3117 708 3186 modo:
732 3119 756 3185 0
779 3119 950 3196 solidos,
972 3133 1070 3202 quos
1093 3122 1196 3188 dotis
1219 3137 1279 3186 no·
1324 3121 1336 3156 ·'

153 3236 255 3300 mine
282 3236 374 3301 mihi
402 3236 530 3315 dedit,
560 3238 594 3303 ei
622 3231 726 3320 lego,
755 3237 946 3307 ueletiam:
977 3237 1278 3318 nunciandum,

153 3373 269 3436 quem
291 3354 390 3420 mihi
412 3356 525 3421 dedit
545 3357 580 3423 ei
606 3333 711 3440 iego,
739 3359 847 3426 uelem
873 3360 1022 3442 legatum.
1071 3359 1154 3444 quod
1183 3360 1209 3426 si
1232 3356 1281 3446 dig

152 3471 263 3555 zerim,
285 3489 385 3554 quae
411 3474 514 3540 dotis
541 3475 807 3544 instrumento
834 3478 1093 3546 continentur
1115 3480 1149 3548 ei
1171 3477 1278 3564 tego,
1296 3509 1329 3563 25

94 3609 143 3662 15,
153 3595 188 3656 et
208 3590 255 3656 ita
284 3590 421 3674 legatum
449 3592 566 3660 ualere.
613 3595 662 3658 16.
695 3593 862 3662 Hominem
891 3596 948 3662 tibi
976 3593 1097 3680 legaui,
1126 3597 1180 3681 qui
1210 3597 1280 3666 eine
1332 3625 1336 3664 ;
