3078 4882
609 406 842 472 -156-

159 597 421 660 testamentorum
442 610 560 675 genera
585 594 634 660 ius
664 597 787 660 tentum
813 591 908 661 ciuile
936 597 1083 674 uouerat,
1111 593 1224 660 deindo
1245 612 1282 660 ex

159 713 316 794 praeteris
336 712 439 779 edicto
460 711 522 778 ulio
536 710 639 778 forma
651 717 907 780 testamentorum
922 712 1165 779 ordinandorum
1186 712 1284 778 intro·

160 831 255 898 ducta
277 836 334 898 est
378 833 446 897 iure
473 831 554 898 enim
581 832 746 899 honorario
772 831 859 898 nullu
887 831 1073 913 mancipatio
1102 829 1211 913 fiebat,
1234 838 1283 899 set

158 957 280 1032 septem
303 935 432 1017 testium
455 951 546 1034 signa
568 949 767 1018 sufficiebant
795 951 835 1016 ad
865 952 1058 1034 praetorium
1086 950 1282 1018 condendum

159 1075 392 1136 testamentum.
437 1071 463 1136 si
485 1071 567 1137 enim
595 1071 665 1151 quis
692 1076 914 1136 testamentum
941 1068 1067 1136 fecisset
1092 1071 1186 1154 idque
1213 1088 1282 1152 sep
1316 1077 1334 1130 o

159 1195 224 1254 tem
247 1189 376 1255 testium
397 1190 495 1272 signia
515 1191 701 1272 signandum
723 1195 878 1268 curasset,
906 1187 1079 1272 perfectum
1102 1195 1171 1257 erat
1192 1207 1279 1272 prae*

158 1309 274 1376 terium
297 1315 528 1390 testamentum,
551 1328 621 1377 cum
642 1311 710 1378 iure
731 1310 817 1376 ciuili
837 1309 966 1376 testium
988 1310 1077 1392 sigua
1091 1327 1154 1375 nou
1176 1313 1283 1376 essent

113 1441 142 1492 a.
162 1429 350 1496 necessaria.
394 1430 424 1494 3.
461 1437 510 1496 set
532 1449 602 1497 cum
624 1428 788 1512 paullatim
817 1435 882 1495 tum
911 1448 950 1495 ex
976 1430 1065 1496 uario
1094 1447 1155 1496 usu
1183 1429 1281 1498 homi·

160 1567 252 1627 num,
276 1567 370 1631 quam
397 1567 435 1613 ex
465 1549 723 1616 constitutionum
752 1548 1022 1617 emendationibus
1051 1555 1222 1632 coeperunt
1248 1548 1280 1614 in

158 1686 253 1733 unam
275 1667 510 1734 consonantiam
533 1667 626 1735 ciuile
648 1670 741 1734 simul
763 1691 800 1738 ac
827 1671 1018 1753 praetorium
1045 1667 1095 1737 ius
1124 1669 1334 1754 coniungite

158 1788 363 1855 consututum
387 1796 435 1854 est
461 1795 498 1854 ut
525 1807 588 1854 uno
615 1790 787 1871 eodemque
816 1795 971 1872 tempore,
998 1791 1081 1874 quod
1112 1791 1160 1857 ius
1189 1791 1281 1859 ciuile

158 1909 312 1990 exigebat,
337 1913 460 1990 septem
482 1909 615 1974 testibus
644 1907 794 1974 adhibitis
823 1916 856 1975 et
882 1910 1168 1990 subscribentibus,
1197 1911 1281 1993 quod

158 2031 399 2098 constitutiones
430 2031 632 2107 inuenerant,
666 2038 699 2097 et
730 2033 892 2113 signacula
921 2029 1167 2115 imponentibus,
1197 2031 1281 2113 quod

156 2155 286 2232 praetor
306 2150 524 2230 ordinarerat,
553 2157 775 2218 testamentum
807 2151 1004 2218 conderetur.
1054 2151 1162 2231 itaque
1188 2150 1281 2218 bodie

157 2275 349 2336 testamenta
371 2291 409 2337 ex
428 2271 589 2352 tripertito
611 2271 679 2337 iure
701 2271 853 2352 originem
880 2269 1016 2350 ducunt,
1044 2289 1083 2337 ex
1110 2269 1333 2336 iurescili·1o

158 2396 209 2474 cet
239 2390 340 2470 ciuili,
371 2411 409 2458 ex
435 2391 591 2458 diualibus
618 2389 894 2458 constitutionibus
929 2396 1024 2474 atque
1052 2409 1090 2455 ex
1125 2388 1280 2472 praetoris

158 2510 272 2577 edicte.
302 2529 339 2576 ex
361 2511 430 2578 iure
451 2510 535 2576 euim
557 2509 643 2577 ciuili
666 2510 828 2576 descendit
849 2515 885 2574 ut
905 2508 1124 2594 praesentibus
1147 2509 1282 2574 testibus

157 2648 221 2696 nno
244 2635 392 2696 contextu
407 2636 629 2696 testamentum
652 2631 820 2712 condatur;
842 2629 1004 2695 aratoris
1018 2634 1051 2695 et
1065 2628 1194 2694 testium
1208 2628 1280 2694 sub-

156 2750 343 2829 scriptiones
355 2749 549 2816 desceudunt
560 2768 598 2816 ex
609 2749 900 2816 constitutionibus:
918 2745 1079 2830 signacula
1091 2753 1123 2813 et
1133 2765 1281 2814 numerus

111 2887 138 2938 u
156 2866 218 2933 VII
233 2867 362 2934 besdum
384 2887 422 2935 ex
444 2869 545 2935 edicto
568 2870 733 2951 praetoris.
755 2871 786 2933 4.
810 2868 902 2934 Omni
924 2873 1029 2934 autem
1052 2866 1204 2934 eiusmodi
1225 2867 1279 2933 ob·
1297 2871 1332 2923 20

156 2987 328 3053 seruationi
351 3006 432 3071 quae
453 2989 494 3053 ad
521 2993 711 3054 testamenta
739 2987 824 3053 omui
852 2986 963 3054 fraude
991 2987 1155 3071 purganda
1183 2987 1280 3054 omui-

156 3127 219 3190 que
252 3105 323 3174 dolo
351 3106 515 3175 liberanda
543 3109 693 3191 pertinet,
721 3109 943 3175 constitutione
971 3108 1103 3192 piissimi
1131 3107 1279 3192 principis

156 3227 258 3293 nostri
280 3226 423 3293 additum
450 3234 500 3294 est
522 3234 557 3293 ut
586 3233 720 3294 testator
748 3235 860 3311 suapte
889 3246 986 3312 manu
1013 3227 1138 3294 heredis
1167 3245 1279 3293 nomeu

157 3347 326 3430 exprimat,
360 3346 410 3415 bis
442 3347 564 3414 uerbis:
604 3348 705 3416 hunc
736 3348 921 3414 heredem
954 3347 1127 3414 institui.
1182 3345 1215 3413 id
1247 3346 1279 3411 ui
