3078 4882
703 448 936 511 -1-91-

256 657 310 698 τον
331 632 520 721 τελευτῆσαι,
543 634 588 698 ἐνὶ
610 634 732 716 ἑκάστῳ
755 631 938 708 ἰδιαζόντως
959 629 1173 706 ὑποκαδιστῶ,
1204 631 1230 695 ελ
1260 630 1297 696 δὲ
1326 633 1380 719 τήν
1452 691 1463 706 ,
1530 663 1532 706 γ

255 737 293 809 ἐξ
313 734 481 800 ἀδιαδέτου
504 733 653 822 διαδοχήν
673 735 793 820 μεταξὺ
822 738 883 796 τῶν
908 732 1026 798 παίδων
1057 733 1278 808 ἀποσώζεσθαι
1304 734 1380 817 βού-

255 842 355 923 λιιμαι,
380 839 448 904 τότε
472 840 517 924 τῷ
541 837 708 922 τελευταίῳ
732 837 844 923 ἀνήβῳ
862 839 1042 900 τελευτῶντι
1064 833 1260 900 δποκαδιστῶ
1272 837 1307 919 ¹).
1333 839 1381 902 καὶ

255 943 280 1006 ελ
301 943 360 1027 μὲν
382 943 411 1004 οί
433 939 517 1004 ἄλλοι
541 940 765 1028 τελευτήσωσιν
788 940 815 1006 ολ
848 938 1008 1025 περιόντες
1037 938 1169 1023 ἀδελφοὶ
1199 939 1324 1012 ἕξουσιν
1346 941 1383 1016 ἐξ

220 1043 424 1112 ῡάδιαδέτου
448 1045 500 1106 τὸν
523 1043 646 1129 κλήρον,
670 1042 698 1106 εί
720 1040 790 1124 δὲ’)
815 1041 859 1118 εἷς
880 1041 919 1114 ἐξ
939 1041 1040 1105 αὐτῶν
1062 1042 1240 1117 τελευταῖος
1260 1041 1382 1128 ἄνηβος

256 1146 401 1232 ἀποδάνη
424 1145 495 1208 τότε
518 1145 535 1207 ό
558 1144 809 1219 ὑποκατάστατος
833 1143 1043 1226 παραγίνεται.
1089 1144 1118 1206 7.
1153 1141 1321 1227 Δύναμαά)
1345 1145 1381 1209 δὲ
1398 1152 1423 1202 7.

255 1247 465 1313 ὑποκαδιστᾶν
487 1248 534 1332 τῷ
557 1245 669 1333 ἀνήβῳ
692 1246 839 1327 ὀνομαστὶ
861 1247 910 1308 καὶ
933 1245 1030 1325 λέγειν
1053 1244 1132 1327 ότιί)
1160 1244 1226 1310 ἐὰν
1254 1249 1272 1310 δ
1300 1248 1382 1324 υίός

252 1375 330 1437 μου
353 1350 571 1434 γενόμενος
594 1346 1007 1436 κληρονόμοςᾶνηβος
1028 1347 1258 1434 τελευτήσῃ,
1281 1346 1382 1414 ἔστω

254 1454 368 1520 αὐτοῦ
397 1451 527 1519 Titios
555 1452 813 1537 κληρονόμος.
865 1450 996 1536 δύναμαι
1018 1450 1055 1514 δὲ
1077 1452 1125 1514 καί
1146 1454 1275 1531 γενικῶς
1297 1450 1383 1514 αὐτῶ

207 1570 237 1620 10
254 1557 523 1642 ὑποκαταστήσαι·
540 1555 569 1636 ⁵)
615 1553 679 1616 οἷον
726 1553 855 1628 πολλοὺς
906 1552 1118 1640 ἐνεστησάμην
1169 1553 1383 1640 κληρονόμους

253 1659 333 1742 μετὰ
354 1655 410 1721 τοῦ
433 1656 544 1733 παιδός
563 1681 624 1742 μου
648 1656 667 1743 ή
690 1656 821 1733 πολλοὺς
850 1657 977 1742 γράψας
1005 1656 1218 1743 κληρονόμους
1251 1654 1383 1720 exher6-

255 1763 354 1827 daton
377 1760 507 1846 ἐποίησα
529 1761 581 1822 τὸν
606 1760 714 1823 παῖδα·
738 1759 871 1840 δύναμαι
894 1763 1022 1840 γενικῶς
1044 1758 1146 1834 οὕτως
1168 1759 1383 1845 δποκαταστῆ-

256 1885 308 1927 σαι
330 1861 442 1926 εἰπὼν·
466 1859 579 1936 εἴτις
609 1861 696 1946 ἐμοὶ
727 1863 779 1945 τῷ
808 1863 922 1946 πατρὶ
948 1861 1109 1947 γένηται
1139 1861 1382 1949 κληρονόμος

255 1966 355 2030 ἔστω
378 1965 712 2040 ὑποκατάστατος
734 1963 884 2050 ἀνήβου
914 1966 1189 2040 τελευτῶντος
1211 1967 1275 2028 τοῦ
1299 1988 1382 2027 παι-

208 2077 237 2126 15
256 2068 324 2144 δός
343 2092 428 2151 μου.
457 2070 503 2132 δι’
527 2069 571 2133 ῶν
592 2070 743 2154 ῥημάτων
767 2067 800 2130 ἐκ
824 2070 879 2154 τής
902 2067 1185 2142 ὑποκαταστάσεως
1200 2067 1245 2142 εἰς
1267 2067 1305 2130 τὰ
1328 2066 1381 2132 τοῦ

256 2172 379 2260 ἀνήβου
402 2173 572 2256 πράγματα
595 2171 877 2256 παραγενήαονται,
900 2168 1009 2242 υίτινες
1031 2171 1081 2231 καὶ
1102 2168 1289 2254 ἐγράφησαν
1311 2170 1381 2256 κλη-

252 2273 384 2358 ρονόμοι
418 2275 466 2336 καί
496 2273 669 2355 γεγόνασιν.
723 2271 751 2335 ελ
779 2271 839 2354 γὰρ
870 2270 1046 2355 γραφέντες
1075 2273 1299 2357 παρητήσαντο
1329 2274 1382 2358 τήν

256 2373 476 2459 principalian,
501 2373 537 2438 οὐ
560 2375 710 2462 λήψονται
734 2373 770 2436 τὰ
793 2373 854 2436 ἀπὸ
878 2377 931 2458 τής
953 2371 1142 2456 pupillarias
1169 2373 1380 2440 ὑποκαταστά·

259 2499 350 2552 σεως.
394 2478 572 2564 μερίζονται
595 2476 632 2540 δὲ
653 2477 691 2538 τὰ
712 2474 768 2538 τοῦ
791 2473 917 2559 pupillu
941 2475 1107 2558 πράγματα
1129 2494 1189 2556 pro
1212 2479 1306 2557 parto
1327 2476 1381 2542 he-

204 2599 237 2652 m
254 2578 419 2660 reditaria‚
442 2580 579 2645 τουτέστι
600 2577 739 2642 καθόσον
763 2577 942 2650 διεδέξαντο
964 2579 1018 2641 τδν
1041 2578 1169 2662 πατέρα.
1209 2579 1239 2644 8.
1261 2577 1380 2662 ’Am
1398 2594 1423 2645 8.

256 2686 319 2758 τοῖς
338 2682 397 2764 μὲν
419 2681 533 2766 ἄρρεσι
556 2683 659 2744 παισίν
682 2679 745 2756 ἕως
767 2678 821 2743 τοῦ
843 2679 1180 2762 τεσσαρεςκαιδεκάτυυ
1203 2681 1381 2764 ἐνιαυτυῦῗ)

256 2783 374 2856 ἔξεστιν
402 2783 626 2857 ὑποκαδιστῶν,
655 2785 724 2858 ταῖς
754 2781 789 2846 δὲ
817 2781 955 2869 δηλείαις
981 2783 1073 2870 μέχρι
1102 2787 1155 2847 τοῦ
1186 2785 1380 2849 δωδεκάτου.

216 2949 218 2958 ,
254 2886 368 2971 ταύτην
403 2885 438 2948 δὲ
473 2887 527 2972 τήν
560 2885 675 2971 ήλικίαν
706 2882 807 2948 αὐτῶν
841 2884 1048 2968 ὑπερβάντων
1081 2887 1101 2972 ή
1135 2886 1382 2964 ὑποκατάστασις

256 2988 491 3072 ἀποσβέννυται.
537 2990 566 3052 9.
602 2986 789 3073 8ήἘξωτικςῑι
810 2987 845 3049 δὲ
867 2986 963 3073 ήγουν
991 2988 1038 3051 καὶ
1067 2988 1183 3076 ἐφήβῳ
1201 2991 1285 3055 παιδὶ
1307 3015 1379 3077 γρα-
1398 3019 1422 3069 ς,

204 3108 237 3162 25
256 3093 340 3176 φεῖσι
362 3091 564 3178 κληρονόμοις
594 3091 697 3167 οὐδεὶς
726 3089 935 3155 ὑποκαδιστᾶν
963 3089 1122 3173 δόναταιθ)
1152 3096 1231 3176 πρὸς
1256 3094 1381 3179 μίμησιν

253 3200 317 3259 τῶν
340 3195 468 3282 ἀνήβων
492 3195 619 3274 παίδων,
644 3194 742 3273 λέγων
765 3195 827 3255 ότι·
852 3190 955 3256 ἔστω
976 3217 1041 3276 μοι
1064 3195 1081 3256 δ
1104 3192 1213 3258 δεῖνα
1234 3196 1380 3281 κληρο-

254 3299 390 3382 νόμος,
414 3299 450 3362 εί
472 3297 516 3360 δὲ
538 3297 755 3380 γενόμενος
778 3296 1250 3384 κληρονόμοςτελευτήση
1274 3299 1380 3382 (λόγου

139 3415 142 3424 ·
242 3401 356 3485 χάριν)
380 3401 453 3486 πρὸ
476 3388 804 3475 τοῢλὲνιαυτοῶ,
833 3395 933 3460 ἔστω
961 3395 1081 3464 αὐτοῦ
1111 3399 1270 3462 δδεῖνα
1292 3406 1378 3485 κλη-

251 3501 465 3583 ρονόμοςδ)
498 3505 587 3566 τοῦτο
611 3502 647 3565 δὲ
668 3500 811 3584 μόνονῑθ)
835 3503 930 3563 ποιεῖν
951 3500 1023 3586 ήμῖν
1044 3499 1277 3584 ἐπιτέτραπται·
1307 3504 1381 3586 γρά·

203 3582 237 3635 ³⁰
255 3625 367 3687 φοντες
389 3603 449 3688 γὰρ
478 3603 668 3689 κληρονόμον
691 3603 756 3666 τινὰ
780 3600 956 3686 δυνάμεθα,
973 3601 1023 3665 διὰ
1046 3601 1291 3670 fideicommissu
1315 3603 1381 3668 ἔνα-

251 3777 456 3788 -—-———.

334 3876 355 3940 1)
374 3871 454 3927 ἄλλον
474 3873 534 3926 τινα
552 3873 629 3933 ξέναν
649 3871 692 3926 αδ.
710 3873 751 3926 Vi.
772 3871 803 3926 R
942 3871 965 3938 λ)
984 3873 999 3925 δ
1018 3871 1061 3926 ad.
1080 3874 1121 3928 Vi.
1140 3873 1173 3928 R.
1295 3874 1319 3941 θ)
1336 3875 1379 3927 δυ·

254 3959 364 4021 νάμειλα
381 3959 430 4012 Lss.
530 3962 554 4026 4)
577 3959 602 4012 d.
622 3957 662 4011 vi.
680 3957 715 4011 R.
833 3959 856 4025 ὅ)
875 3956 1068 4028 -όιστᾶνλί,
1086 3956 1137 4012 F1.
1156 3958 1190 4014 R.
1294 3959 1317 4028 ὅ)
1335 3959 1379 4010 καὶ

253 4043 295 4096 vi.
313 4041 345 4096 R
449 4045 471 4109 ⁷)
489 4046 577 4094 -τῶν
596 4043 639 4097 Vi.
657 4042 689 4096 R
754 4043 777 4109 8)
796 4045 834 4111 τῷ
853 4043 894 4098 vi.
912 4041 959 4096 R:
978 4059 1040 4098 mox
1057 4046 1124 4111 γοῦν
1143 4045 1160 4113 η
1179 4043 1223 4099 Ιιθ.
1271 4046 1296 4110 ⁹)
1315 4045 1378 4097 ὑπο·

256 4129 372 4197 καόιατᾷ
391 4128 431 4182 Vi.
452 4127 484 4184 R.
604 4130 639 4195 10)
656 4127 717 4191 μάν.
736 4127 790 4180 δὲΙι
800 4129 819 4180 ¹.
847 4126 898 4180 F2.

320 4230 348 4296 a)
368 4229 460 4285 Proch.
479 4234 521 4295 31,
540 4233 581 4286 39.
