3096 4890
245 627 324 676 rem:
363 612 513 693 optimum
546 617 649 676 tamen
687 612 933 692 supplementum
965 612 1109 693 praebuit
1143 610 1219 676 mihi
1260 609 1362 678 hau·

244 731 404 795 rentianus
427 729 561 809 LXXX,
577 732 614 810 ·6‚
637 733 700 811 qui,
716 739 760 796 ut
776 733 847 812 ipse
870 709 1051 814 recognoni,
1076 751 1113 796 ex
1135 750 1173 796 eo
1195 729 1285 812 plane
1307 729 1362 795 fln-

243 850 298 915 xit.
342 850 562 932 Apographum
593 849 817 932 Egnatianum,
846 853 929 932 quod
952 864 1033 917 nuuc
1056 848 1194 916 Bruxelli
1216 850 1362 915 adserua-

245 978 313 1049 tur‚
343 989 404 1035 nna
435 989 504 1035 cum
534 971 733 1036 Marciano
761 972 865 1037 codice
896 973 963 1054 (qni
992 971 1121 1036 eandem
1150 969 1363 1036 recensionem

245 1088 394 1171 continet)
418 1089 562 1155 adhibuit
584 1090 742 1170 Vigliua
765 1093 1008 1156 Znichemns
1031 1093 1062 1155 in
1085 1092 1185 1171 prima
1200 1089 1364 1170 Theophili

245 1209 380 1276 editione
403 1211 621 1292 comparanda.
672 1211 798 1276 uidetur
827 1218 929 1278 tamen
959 1211 1189 1276 Znichemus
1213 1209 1364 1276 Marciani

245 1331 358 1397 codinis
382 1329 524 1412 uestigiis
546 1332 742 1413 potissimum
766 1332 914 1398 haesisse.

250 1487 252 1490 -
330 1448 436 1516 Codex
457 1451 719 1516 'laurinensis
741 1453 832 1533 panni
854 1452 1001 1516 momenti
1024 1457 1081 1515 est.
1127 1452 1204 1516 duos
1228 1456 1364 1515 tantum-

246 1571 336 1636 modo
360 1571 478 1650 priores
501 1569 596 1634 libros
625 1571 780 1648 continet,
811 1577 843 1635 et
866 1589 937 1635 saec
960 1568 1075 1647 XVI⁰‚
1103 1569 1130 1634 si
1161 1571 1234 1650 quid
1264 1571 1365 1648 niden,

247 1693 370 1758 demum
393 1697 539 1755 exaratus
568 1695 624 1754 est.
676 1693 879 1756 recentiorem
910 1691 1108 1771 amplectitur
1138 1693 1365 1756 recensionem²

247 1817 283 1877 ut
304 1811 371 1876 eius
393 1810 622 1890 quodammodo
645 1812 800 1889 specimen
828 1810 988 1889 offerrem,
1020 1810 1086 1876 eins
1114 1827 1222 1877 omnes
1244 1812 1366 1876 uarian-

247 1937 295 1996 tes
318 1929 358 1994 ad
382 1929 429 1993 tit.
453 1927 503 1991 XI
525 1928 596 1994 libri
619 1927 650 1990 Ιἰ
664 1927 775 2010 collegi
804 1934 835 1994 et
865 1930 895 1994 in
926 1931 1008 1996 calce
1036 1931 1198 2010 descripsi:
1226 1940 1365 1996 ceterum

248 2068 318 2116 eum
340 2049 372 2113 in
395 2048 537 2112 maximis
560 2055 681 2113 tantum
704 2049 961 2131 ambiguitatibus
985 2051 1121 2115 adhibui.
1166 2049 1214 2116 De
1237 2048 1367 2115 Oliue-

248 2177 342 2234 tano
366 2168 450 2234 nulla
473 2168 548 2232 mihi
575 2170 684 2233 notitia
713 2171 869 2249 peruenit:
900 2171 973 2234 item
1004 2172 1042 2236 de
1073 2189 1109 2236 eo
1138 2171 1245 2236 codice
1273 2189 1366 2235 manu

249 2289 374 2371 scripto,
398 2287 453 2370 qui
475 2289 559 2370 apud
583 2288 697 2369 Anglos
721 2290 881 2354 adseruari
904 2290 1028 2355 dicitur.

774 2565 844 2648 aa.

367 2718 413 2781 De
438 2699 718 2782 ceteriseditionis
741 2718 887 2783 subsidiis
910 2721 1001 2784 etde
1025 2719 1092 2784 eins
1116 2721 1245 2786 ratione.

335 2888 496 2954 Editiones
518 2891 693 2955 anteriores
715 2889 909 2972 praecipuas,
935 2897 968 2954 nt
991 2896 1147 2970 parerat,
1173 2889 1297 2956 contuli.

336 3004 502 3072 Praeterea
525 3013 644 3072 ceteros
668 3009 745 3074 iuris
767 3008 1011 3088 graeco-romani
1033 3008 1129 3073 libros
1152 3007 1290 3087 adhibui,
1315 3010 1369 3090 qui

250 3123 335 3192 locos
359 3145 396 3190 ex
418 3127 604 3208 Paraphrasi
627 3135 766 3208 sumptos
789 3126 993 3194 continerent.
1038 3129 1118 3192 inter
1146 3146 1238 3208 quos,
1269 3149 1308 3194 ne
1329 3130 1370 3196 de

253 3246 393 3314 Basilicis
415 3266 585 3328 eorumque
608 3246 731 3313 scholiis
753 3248 864 3330 loquar
886 3250 956 3331 (pro
985 3249 1098 3330 quihus
1121 3247 1368 3316 Heimbachii

252 3365 446 3447 potissimum
470 3368 635 3434 editionem
659 3374 784 3434 secutus
808 3387 893 3446 sum,
923 3369 1029 3434 addito
1055 3366 1277 3450 Supplemento
1300 3371 1370 3434 Za-

253 3485 433 3551 chariaei
454 3506 474 3552 a
495 3488 777 3571 Lingenthal)‚
805 3507 916 3570 magno
946 3490 1017 3553 usui
1048 3489 1174 3554 luerunt
1202 3489 1368 3554 Prochiros

253 3605 397 3686 Epitome
418 3606 605 3690 Epanagoge
628 3606 886 3690 Harmenopulus.
931 3609 1013 3689 quod
1036 3609 1075 3672 ad
1097 3607 1266 3675 Prochiron
1289 3609 1371 3691 Epa·

253 3742 456 3808 nagogenque
488 3727 562 3792 item
590 3729 753 3810 Epitomae
788 3726 896 3794 titulos
927 3726 1035 3792 XXIII
1062 3729 1191 3809 priores
1221 3730 1370 3794 Zacha-

253 3847 355 3912 riaei
389 3848 539 3914 editiones
569 3867 638 3914 sum
666 3857 805 3916 secutus:
835 3851 998 3931 Epitomae
1027 3850 1134 3914 tilulcs
1171 3868 1190 3914 a
1226 3848 1371 3915 XXIIII⁰

254 3983 354 4049 usque
382 3969 422 4032 ad
454 3967 546 4032 linem
580 3969 610 4033 in
641 3969 845 4035 Ambrosiano
878 3969 982 4036 codice
1009 3969 1052 4048 Q,
1076 3969 1114 4033 25
1143 3987 1210 4052 sup.
1244 3970 1369 4046 contuli,

256 4106 348 4168 quem
370 4087 438 4171 ipse
454 4087 536 4155 lelici
551 4090 685 4170 quodam
700 4089 764 4153 lato
780 4091 913 4172 repperi,
937 4110 1006 4155 cnm
1032 4089 1126 4153 editio
1142 4089 1369 4155 Zachariaei

256 4209 391 4272 nondum
407 4211 597 4291 apparuerit.
621 4210 701 4274 idem
717 4207 1050 4292 Harmenopulum
1067 4211 1234 4276 secundum
1250 4207 1369 4274 Helm·
