3038 4884
578 378 790 439 ...41-

133 565 313 646 sanguineus
336 584 426 631 soror
452 564 681 646 consanguinea
710 563 817 629 fratris
842 561 897 627 filii
924 568 956 629 et
983 581 1020 628 ex
1046 563 1153 629 fratris
1179 562 1241 630 filio

132 702 219 766 nepos
241 685 343 766 neptis
366 684 464 749 amita
486 691 519 750 et
539 685 572 749 in
595 702 717 750 summa
738 685 836 750 donec
858 682 995 750 feminini
1023 702 1115 751 sexus
1137 702 1243 766 perso·

133 822 197 867 nam
219 804 425 883 inueniamns,
449 824 532 886 quae
554 805 749 887 cognationis
771 810 881 871 auctor
902 803 960 883 sit,
992 804 1106 870 dicitur
1129 804 1243 886 adgna-

131 922 170 987 tio
194 923 372 1003 procedere.
418 925 541 1004 cognati
574 930 679 990 autem
710 930 785 989 sunt
813 923 867 1004 qni
894 941 950 1003 per
978 922 1118 988 feminini
1151 941 1243 988 sexus

130 1060 286 1121 personam
309 1043 399 1108 nobis
422 1045 664 1125 coniunguntur,
687 1041 785 1110 ueluti
815 1042 914 1110 frater
941 1043 1084 1108 uterinus
1111 1047 1243 1122 tantum,
1277 1057 1295 1108 5

131 1178 184 1225 non
207 1163 300 1227 etiam
328 1163 591 1244 consanguinem,
621 1163 751 1246 eiusque
778 1163 886 1243 liberi,
914 1182 1003 1229 soror
1030 1164 1169 1241 uterina,
1192 1160 1245 1229 uel
1312 1187 1314 1192 ·

131 1281 215 1344 etiam
238 1279 358 1346 sororis
374 1283 622 1364 consanguineae
637 1281 738 1351 liberi.
761 1283 849 1349 ethi
872 1283 995 1369 quidem
1018 1283 1142 1363 cognati
1159 1289 1246 1357 snnt;

130 1399 263 1466 feminini
287 1402 369 1466 enim
392 1419 484 1466 sexus
514 1419 648 1483 persona
675 1401 874 1467 intercedens
902 1402 1122 1484 adgnationem
1151 1403 1247 1468 inter·

132 1521 221 1602 rupit.
266 1521 396 1602 adgnati
418 1540 495 1585 uero
518 1521 649 1602 legitimi
671 1540 795 1605 quoqne
818 1522 966 1588 dicuntur
989 1529 1022 1588 et
1044 1524 1168 1604 cognati
1190 1541 1246 1590 seu

130 1648 236 1707 natura
277 1643 444 1708 coniuncti.
500 1642 625 1724 cognati
665 1660 741 1706 uero
774 1649 887 1707 natura
925 1648 1048 1708 tantum
1089 1641 1248 1709 coniuncti
1267 1666 1299 1718 10

131 1759 283 1842 dicuntur,
305 1780 367 1826 non
394 1761 489 1827 etiam
517 1761 657 1840 legitimi.
709 1779 788 1843 quos
816 1761 898 1826 enim
928 1762 977 1828 ius
1006 1763 1164 1844 agnoscit,
1194 1781 1247 1828 eos

131 1889 239 1949 natura
262 1902 388 1966 quoque
409 1885 515 1964 nonit;
537 1903 616 1965 quos
631 1890 737 1950 autem
752 1891 866 1950 natura
882 1884 1054 1966 adgnoscit,
1078 1902 1139 1949 non
1161 1902 1249 1965 pror-

132 2021 180 2068 sus
207 2005 257 2069 ius
289 2023 413 2087 quoque
443 2004 541 2070 nouit.
592 2005 669 2071 haec
699 2010 805 2070 autem
832 2005 976 2087 cognatio
1005 2003 1149 2070 bilariam
1178 2021 1250 2069 con·

132 2123 208 2187 sistit
229 2129 288 2189 aut
309 2130 425 2189 natura
447 2131 503 2189 aut
525 2123 702 2206 adoptione.
753 2130 786 2189 et
814 2131 929 2189 natura
958 2123 1083 2205 quidem
1113 2141 1183 2188 cum
1212 2142 1250 2188 ex

131 2243 276 2325 legitimis
299 2243 417 2325 nuptiis
445 2243 536 2309 liberi
565 2251 753 2323 nascantur,
781 2243 948 2326 adoptione
977 2263 1050 2309 vero
1079 2262 1148 2309 cum
1179 2243 1300 2323 quiam

131 2361 222 2428 filium
245 2365 367 2429 habens
389 2364 522 2430 alterum
545 2364 759 2446 adoptandum
790 2365 949 2448 suscipiat.
999 2363 1050 2429 hic
1081 2363 1163 2428 enim
1193 2361 1250 2427 tilii

130 2484 185 2548 mei
214 2483 394 2559 naturalis,¹
418 2483 467 2548 sui
501 2489 606 2548 autem
635 2481 743 2548 fratria
776 2483 933 2564 adgnatus
962 2482 998 2578 lit
1027 2489 1060 2548 et
1087 2488 1249 2564 cognatus.

132 2620 204 2683 quos
228 2601 314 2668 enim
336 2601 465 2685 adoptio
487 2601 526 2668 ei'
539 2604 693 2684 adgnatos
716 2602 792 2669 facit
820 2603 879 2667 hos
906 2607 939 2667 et
960 2607 1109 2684 cognatos
1138 2599 1251 2685 elficit;

131 2723 302 2804 legitimum
331 2722 411 2788 enim
442 2723 618 2804 negotium,
648 2722 748 2788 ueluti
776 2723 921 2804 adoptio,
952 2721 1042 2787 facilc
1069 2697 1253 2803 adgnationi

132 2843 341 2925 coniungitur,
364 2860 445 2923 quae
472 2852 504 2908 et
531 2843 601 2926 ipsa
622 2843 762 2925 legitima
788 2849 846 2908 eat.
897 2839 1040 2924 legitima
1070 2842 1151 2906 enim
1182 2859 1251 2907 cnm
1269 2860 1303 2911 ao

132 2962 279 3044 legitimis
312 2962 404 3029 facile
437 2963 676 3044 coniunguntur.
731 2967 841 3044 postea
877 2981 953 3028 uero
987 2961 1137 3043 adgnatio
1171 2978 1252 3041 quae

133 3081 331 3166 adoptionem
354 3081 497 3165 sequitur
518 3089 663 3148 naturam
686 3100 810 3165 quoqne
831 3100 936 3149 secum
962 3081 1070 3156 trahit,
1092 3079 1177 3144 idest
1203 3097 1254 3144 co·

133 3203 310 3280 gnationem
333 3210 365 3268 et
386 3220 465 3286 qnos
488 3202 640 3282 adgnatos
662 3199 744 3267 filius
767 3201 937 3284 adoptiuns
960 3206 1062 3278 uocat,
1085 3215 1139 3264 eos
1155 3203 1187 3262 et
1202 3215 1253 3261 oo·

133 3329 243 3400 gnatos
267 3321 413 3404 appellat.
443 3339 522 3403 quos
544 3327 651 3385 autem
673 3328 822 3402 cognatos
843 3320 926 3387 foret
948 3326 1127 3396 uocaturus,
1150 3317 1178 3380 si
1200 3333 1254 3382 na·

134 3442 244 3508 taralis
268 3442 342 3507 mihi
364 3441 447 3508 tilius
463 3448 555 3522 asset,
578 3444 646 3526 hos,
670 3462 740 3512 cum
757 3445 799 3511 sit
813 3445 990 3527 adoptione,
1014 3462 1116 3528 nequa
1140 3440 1254 3524 adgna·
1271 3467 1306 3519 25
