3022 4884
560 440 600 452 -
648 405 792 491 uqar

118 596 167 659 set
190 591 283 688 etiam
304 609 364 673 pcr
384 609 452 678 eos,
477 608 555 686 quos
584 591 617 655 in
637 597 795 684 potestqte
819 592 970 684 babemus
992 596 1024 686 et
1046 611 1102 676 per
1123 591 1243 679 monos

116 709 292 788 sarmosia
315 685 682 808 quihus'usumiructum
708 710 859 778 habemus
890 716 923 780 et
952 729 1009 794 por
1034 711 1151 782 liberas
1170 727 1242 801 vptiar,-

116 844 212 895 sonas
234 837 266 895 et
287 847 344 912 per
365 827 483 896 alienos
504 847 633 904 seruos,
660 845 740 910 quos
762 827 926 896 bonafide
949 830 1162 912 possidemus,
1188 849 1243 896 uo

116 955 200 1014 atros
213 941 407 1016 esse'seruos
422 967 476 1014 eos
491 949 713 1016 existimantes.
737 950 904 1048 dequibus
920 949 1051 1032 singulis
1063 949 1243 1044 diligentius

78 1072 98 1123 1.
117 1067 330 1154 dispiciamus.
375 1071 403 1132 l.
437 1067 480 1134 Et
505 1069 538 1133 in
567 1067 675 1151 primis
698 1069 869 1152 adquirunt
898 1069 988 1136 nobis
1015 1069 1106 1164 liberi
1125 1053 1243 1165 'nostri
1278 1075 1295 1126 ⁶

116 1188 171 1286 qui
192 1186 227 1280 iu
249 1191 406 1278 potestate
428 1193 536 1253 nostra
558 1193 643 1280 ,sunt
666 1194 730 1253 mm
753 1185 884 1274 masculi
905 1206 1000 1278 quam
1023 1187 1166 1282 feminas.
1194 1165 1243 1256 set

115 1305 189 1371 olim
212 1297 338 1404 quidem
361 1279 512 1392 quidquid
535 1306 576 1400 ad
599 1324 652 1376 eos
674 1312 864 1398 peruenerat
885 1305 993 1386 nobis,
1022 1324 1155 1388 quonum
1183 1307 1244 1394 ispi

114 1430 208 1493 erant
236 1424 387 1505 subiecti,
423 1426 632 1520 adquirebam
666 1427 816 1508 (exceptis
846 1427 1058 1495 castrensibus
1085 1425 1243 1509 peculiis):

114 1551 147 1611 ct
169 1547 217 1610 ita
237 1545 413 1626 parentium
428 1543 554 1622 fiebant,
577 1563 658 1625 quae
679 1565 699 1611 a
719 1545 827 1618 liberis
841 1545 1093 1628 adquirerentur,
1108 1550 1145 1610 ut
1159 1551 1245 1612 esset

114 1665 160 1729 eis
183 1662 312 1730 licentia
334 1665 417 1747 quod
440 1683 496 1745 per
518 1682 614 1731 unum
636 1663 733 1729 filium
756 1665 806 1758 uel
829 1682 923 1730 unam
937 1663 1034 1730 filiam
1049 1670 1134 1754 esset
1147 1659 1243 1746 quae·
1263 1673 1296 1727 lo

114 1783 222 1880 situm,
245 1781 298 1847 alii
313 1780 483 1848 liberorum
499 1784 550 1849 uel
565 1789 712 1850 extraneo
728 1784 844 1850 donare
859 1785 911 1850 uel
933 1785 1070 1862 uendere
1094 1781 1147 1860 uel
1157 1767 1244 1876 ¹quo·

114 1883 346 1999 modocumque
368 1900 548 1982 mansierre.
587 1903 763 1985 quodcum
785 1903 990 1969 inhumanum
1011 1921 1081 1970 esse
1103 1903 1242 1994 piissimo
1320 1895 1323 1902 ’

112 2025 225 2088 nostro
254 1995 391 2102 'puncipi
425 2021 605 2112 uideretur,
641 2022 779 2112 generali
810 2021 1033 2116 constitutione
1062 2027 1241 2112 compateris

114 2141 264 2210 adhibuit
286 2141 468 2218 remedium,
491 2159 548 2223 per
573 2139 658 2223 quod
680 2149 712 2207 et
738 2141 847 2234 liberis
873 2140 1014 2222 pepercit
1043 2147 1075 2208 et
1097 2142 1242 2228 patribus

115 2261 259 2327 debitum
282 2259 470 2325 reseruauit.
514 2259 606 2327 iussit
628 2257 711 2326 enirn
733 2259 760 2324 si
782 2260 858 2340 quid
887 2278 925 2324 ex
953 2277 988 2324 re
1009 2258 1109 2340 patris
1136 2258 1166 2326 ei
1188 2258 1293 2332 ob-1a

113 2380 240 2458 ueniat,
275 2379 330 2462 qui
359 2379 459 2444 sitin
486 2384 657 2461 potestate,
689 2379 787 2444 ueluti
816 2382 906 2475 patre
934 2378 1070 2476 donante
1097 2396 1155 2443 sco
1180 2377 1241 2466 aiio

115 2474 259 2581 quolibet
285 2501 379 2566 modo
407 2500 438 2563 iu
466 2517 538 2564 eum
568 2497 792 2578 transferente,
821 2498 867 2578 iq
881 2498 1051 2565 secundum
1080 2497 1241 2588 antiquam

113 2616 370 2714 obseruationem
392 2621 493 2712 totum
516 2618 640 2714 parenti
662 2617 802 2700 adquiri;
825 2617 926 2701 (nulla
947 2617 1029 2683 euim
1045 2616 1166 2712 inuidis
1182 2623 1240 2712 cst,

113 2739 142 2802 si
165 2711 253 2828 quod
275 2755 313 2834 es
333 2737 433 2830 patris
456 2725 618 2834 occasione
641 2737 813 2829 proiectum
836 2738 887 2816 sit,
910 2737 942 2810 id
964 2737 1057 2802 simili
1085 2735 1241 2828 modoad

113 2862 241 2938 patrem
262 2856 474 2937 reuertatur):
498 2854 581 2939 quod
608 2858 713 2924 autom
741 2855 803 2922 alia
832 2875 871 2927 ax
900 2874 997 2948 causa
1023 2853 1241 2946 filiumfamilias
1258 2867 1293 2920 ao

114 2976 158 3040 sit
180 2975 325 3054 adeptus,
348 2976 416 3040 eius
432 2974 557 3057 quidem
573 2974 801 3071 usumfructum
823 2975 906 3055 patri
929 2974 1047 3054 quaeri,
1070 2975 1241 3040 dominium

113 3101 225 3160 autem
247 3093 330 3176 apud
352 3091 449 3158 filium
471 3113 607 3158 manere.
653 3094 794 3174 iniquum
816 3098 865 3158 est
889 3094 970 3184 enim
992 3081 1076 3174 quod
1098 3092 1241 3186 plurimis

113 3213 280 3280 laboribus
302 3213 354 3280 nel
375 3233 527 3310 prospera
548 3213 675 3280 fortuna
698 3213 792 3280 adoni
814 3212 951 3308 adcessit
976 3214 1009 3278 id
1035 3211 1088 3278 alii
1117 3211 1240 3304 cuidsus

113 3337 280 3414 praestare
302 3337 334 3398 et
355 3333 533 3398 luctuosum
556 3333 584 3398 ei
606 3334 784 3414 procedere,
807 3333 861 3413 qui
883 3333 922 3397 ab
945 3332 1034 3397 initio
1057 3335 1167 3396 nactus
1182 3335 1240 3394 est.

113 3471 178 3517 non
200 3451 281 3516 adeo
304 3453 386 3516 enim
408 3453 479 3533 quis
501 3453 706 3544 contristatur
728 3470 799 3517 cum
821 3450 900 3517 nihil
922 3450 1124 3544 adquisierit,
1147 3427 1241 3530 quam
1258 3474 1292 3527 at

73 3576 97 3627 2-
114 3589 188 3652 cum
211 3569 244 3636 id
265 3571 351 3652 quod
372 3571 414 3636 sit
435 3571 569 3653 adeptus
591 3572 739 3638 amiserit.
786 3572 815 3634 2.
850 3569 931 3640 Cum
953 3576 986 3637 et
1014 3575 1088 3636 ante
1110 3566 1241 3650 piissimi

113 3691 315 3772 imperatoris
338 3690 438 3756 nostri
460 3691 715 3784 constitutionem
737 3689 893 3772 quaedam
909 3694 1016 3757 essent
1037 3705 1118 3769 quae
1140 3687 1240 3776 patris
