3038 4884
597 413 808 476 ..43-

141 618 253 666 uocare
276 618 337 666 non
360 599 486 680 possim,
509 600 621 668 merito
643 619 682 666 ne
705 605 869 682 cognatam
896 601 1032 682 quidem.
1084 605 1116 666 et
1137 601 1209 667 ideo
1231 600 1260 666 ei

140 719 207 802 quis
229 738 380 800 generum
403 739 494 786 suum
516 721 666 802 adoptare
688 720 782 797 uelit,
811 721 905 786 debet
926 726 1020 786 antea
1041 719 1136 786 liliam
1159 739 1260 785 eman·

138 841 251 920 cipare.
295 840 354 904 nisi
377 839 460 904 euim
481 840 515 905 id
537 841 646 918 iaciat,
669 841 837 921 adoptione
859 839 967 922 generi
989 859 1130 905 nurusue
1151 858 1258 906 eorum

138 960 369 1024 matrimonium
404 959 605 1039 dissolutor,
638 965 747 1040 utpote
782 962 836 1041 qui
869 959 966 1025 frater
999 965 1030 1024 et
1067 976 1156 1024 soror
1191 976 1260 1025 esse

137 1079 306 1160 ooeperint.
329 1081 411 1144 inter
433 1079 585 1144 eiusmodi
607 1080 687 1144 enim
710 1098 874 1160 personae,
897 1079 973 1144 licet
993 1079 1161 1161 adoptiuae
1183 1078 1257 1158 sint,
1295 1081 1311 1130 ὅ

101 1199 121 1250 a
139 1200 265 1278 nuptiae
298 1217 358 1263 non
393 1203 576 1266 consistunt.
632 1199 662 1263 3.
700 1197 823 1265 Fratris
860 1200 1017 1265 sororisue
1046 1218 1134 1265 meae
1163 1198 1258 1265 filiam

136 1337 263 1386 uxorem
280 1320 393 1386 ducere
408 1320 484 1386 mihi
499 1321 586 1386 nelas
602 1327 660 1400 est,
683 1327 732 1386 set
753 1338 855 1403 neque
871 1338 978 1386 eorum
994 1325 1127 1401 neptem,
1151 1338 1258 1401 quam·

135 1440 181 1504 uis
203 1446 320 1522 quarto
342 1440 384 1505 sit
405 1441 515 1519 gradu,
539 1460 577 1505 ex
598 1459 660 1523 quo
682 1439 783 1522 gradu
803 1457 932 1505 uxorem
953 1439 1068 1506 ducere
1090 1439 1181 1518 lieet,
1205 1459 1258 1505 ue·

135 1553 191 1623 luti
213 1559 321 1641 patrui
343 1561 498 1626 amitaeue
519 1559 627 1626 filiam.
672 1559 781 1642 regula
804 1561 885 1626 enim
908 1559 1095 1626 uniuersalis
1118 1559 1160 1644 sit
1182 1559 1256 1625 tibi:

135 1681 222 1745 cuius
245 1678 344 1744 filiam
366 1698 495 1745 uxorem
518 1683 633 1746 ducere
655 1680 731 1745 mihi
753 1699 815 1746 non
838 1681 946 1757 liceat,
974 1679 1042 1744 eius
1065 1698 1105 1744 ne
1130 1685 1255 1761 neptem
1276 1683 1308 1733 10

134 1800 259 1882 quidem
283 1800 385 1867 litere.
430 1799 464 1865 Si
488 1820 562 1866 uero
585 1809 675 1883 pater
697 1820 785 1866 meus
812 1800 967 1867 naturalia
990 1798 1256 1866 adulescentulam

134 1918 271 2001 aliquam
305 1919 514 2001 adoptandam
552 1919 703 2001 suscipiat
735 1928 830 2002 atque
864 1939 902 1985 ex
937 1939 974 1985 ea
1002 1918 1066 1984 lilia
1099 1926 1256 1998 nascatur,

133 2038 211 2104 hano
251 2058 380 2104 uxorem
421 2041 536 2131 ducere
562 2057 705 2120 possum;
742 2046 875 2122 cognata
904 2047 953 2105 est
979 2039 1060 2104 enim
1088 2039 1177 2116 mihi,
1207 2045 1256 2105 ut·

133 2163 204 2240 pote
227 2179 311 2243 quae
340 2179 397 2241 per
428 2159 567 2225 feminini
601 2179 694 2227 sexus
726 2177 891 2242 personam
924 2161 999 2225 mihi
1032 2161 1255 2241 coniungatur:

134 2277 269 2343 diximus
291 2286 396 2344 autem
419 2281 634 2360 cognationem
664 2279 694 2344 in
725 2279 892 2360 adoptione
920 2299 976 2362 pro
1005 2279 1104 2345 nihilo
1134 2279 1253 2345 haberi.
1275 2293 1307 2345 16

97 2404 118 2454 l.
134 2397 163 2459 4.
195 2399 339 2464 Duorum
360 2398 493 2464 fratrum
517 2400 568 2464 uel
591 2417 733 2465 sororum
756 2399 847 2466 liberi
876 2407 932 2464 aut
954 2399 1062 2464 fratris
1085 2405 1118 2464 et
1139 2399 1255 2465 sororis
