3022 4884
701 381 932 442 -144-

261 589 304 642 τις
325 565 459 652 ἐξετάσῃ
481 564 517 629 τὸ
541 565 680 652 ἀκριβὲς,
704 565 740 631 οίν
762 566 927 648 γίνεταίτι
949 566 1140 652 παράδοξον.
1174 566 1262 630 δοκεῖ
1280 565 1342 650 γὰρ
1364 567 1381 628 ό

260 667 394 734 debiiwr
415 669 596 753 πιπράσκειν
619 671 636 732 ό
657 669 739 750 mil)
762 669 917 755 δεσπότης
941 669 986 732 ὢν
1007 667 1253 754 αὐτῷ’),τοότιμ
1276 666 1305 753 ᾦ
1330 667 1380 731 διὰ

261 771 432 854 συμφώνου
456 772 615 858 συγχωρεῖ
633 773 680 856 τῷ
702 768 851 836 creditori
881 774 915 834 τδ
948 773 1130 855 πιπράσκειν
1158 771 1381 856 ἀγνωμοσύνης

259 872 420 958 γινομένης
448 873 518 957 περὶ
540 874 593 959 τὴν
614 877 669 937 τοῦ
687 874 804 962 χρέους
830 873 988 937 α’πόδοσιν.
1043 875 1120 938 ἀλλὰ
1147 875 1240 938 πάλαι
1266 875 1326 957 μὲν
1356 878 1383 938 οἱ

225 973 431 1044 bereditores
453 969 533 1063 εἶχον
557 974 649 1039 τόπον
671 977 738 1039 τινὰ
758 976 835 1041 καθ’
859 977 894 1039 δν
919 976 1128 1061 ἐπετέτραπτο
1151 977 1254 1054 αὐτοῖς
1270 980 1381 1063 πιπρά-

259 1101 341 1142 σκειν
363 1078 417 1154 τὰς
439 1077 600 1165 δποθηκας
621 1078 688 1164 ἤτοι
708 1079 747 1142 τὰ
769 1078 910 1168 ἐνέχυρα.
957 1079 1092 1153 διάταξις
1120 1079 1157 1142 δὲ
1185 1080 1295 1162 γέγονε
1328 1083 1381 1143 τοῦ

258 1181 417 1267 ἡμετέρου
427 1179 601 1263 Ιβασιλέως,
614 1180 689 1268 Ιἥτις
703 1180 777 1245 οὐδὲ
799 1183 871 1256 τοὺς
886 1183 1049 1256 δανειστὰς
1064 1181 1285 1266 ἐμποδίζεσθαι
1306 1183 1383 1265 βοό-

258 1283 349 1346 λεται»
363 1285 434 1368 περὶ
456 1284 509 1367 τὴν
531 1282 592 1346 τῶν
614 1283 873 1368 ἐπωρειλομένων
896 1285 1056 1370 ἀπαίτησιν
1085 1283 1159 1346 ου’δὲ
1181 1285 1253 1360 τοὺς
1272 1287 1381 1371 χρεώ-

259 1409 335 1462 στας
357 1387 592 1471 προπετῶςιιαί
618 1386 834 1462 ἀνεξετάστως
862 1392 926 1450 τῶν
954 1387 1073 1450 οἰκείων
1101 1387 1254 1450 ἐκπίπτειν
1285 1410 1381 1473 πραγ-

210 1494 242 1544 10
257 1489 374 1571 μάτων.
427 1490 524 1575 ,δητδν
557 1487 611 1552 οὖν
640 1488 790 1574 ἐπενόησε
821 1493 883 1552 τῶν
914 1490 1102 1574 ἐκποιὴσεων
1125 1489 1240 1574 τρόπον
1262 1489 1311 1552 δι’
1345 1487 1380 1550 οὗ

259 1592 418 1678 τρόπουη
444 1595 507 1654 τῶν
536 1591 693 1678 ἐνεχύρων
721 1590 848 1654 δύναται
878 1592 1017 1675 προϊέναι
1045 1596 1169 1676 πρᾶσις.
1222 1592 1288 1676 ἥτις
1316 1591 1378 1653 διά-

258 1695 344 1768 ταξις
365 1693 513 1777 ἑκάτερον
537 1691 722 1775 εὐεργέτησε
744 1691 794 1752 τόν
817 1714 851 1754 τε
866 1693 1035 1778 χρεώστην
1056 1695 1105 1756 καί
1129 1696 1179 1756 τὸν
1202 1693 1374 1782 δανειστήν.

259 1794 329 1868 τοὺς
351 1794 388 1858 δὲ
409 1795 543 1877 τρόπους
566 1792 638 1856 καθ’
662 1793 717 1870 οδς
737 1799 836 1885 ταῦτα
857 1795 994 1878 γίνεσθαι
1019 1795 1181 1879 δυνατδνί)
1202 1795 1305 1869 ἔξεστι
1327 1799 1375 1859 λα·
1491 1813 1492 1860 1

258 1897 327 1978 βεῖν
350 1896 444 1983 αότὴν
466 1896 641 1980 ἀναγνόντα
662 1899 716 1982 τὴν
743 1897 866 1980 θείανί)
894 1898 1095 1983 νομοθεσίαν.
1140 1901 1169 1962 2.
1198 1893 1299 1962 Ἔστιν
1330 1899 1415 1962 εἷο-υ

210 2019 241 2072 15
257 2005 325 2086 ρεῖν
347 2001 396 2064 καί
423 1999 515 2064 ἄλλον
542 1999 728 2084 δεσπότηνί)
756 1999 792 2062 οὐ
819 1999 993 2083 δυνάμενον
1024 2001 1154 2065 ἐκποιεῖν
1184 2003 1252 2084 τὰθ)
1283 2004 1377 2088 πράγ-

257 2127 349 2186 ματα,
372 2103 436 2166 οἷον
459 2102 627 2187 όράρῦΙοε
649 2103 700 2188 ff)
723 2101 847 2185 pupilla
868 2105 904 2166 οὐ
927 2105 1073 2168 δύνανται
1094 2105 1224 2169 ἐκποιεῖν
1248 2107 1285 2168 τὰ
1308 2107 1374 2169 ἑαυ

258 2206 352 2288 τῶνθ)
376 2208 544 2290 πράγματα
565 2207 633 2271 sine
655 2207 770 2270 tutoris
793 2207 995 2286 auctoritate,
1022 2207 1069 2270 δι’
1092 2207 1110 2270 δ
1132 2207 1206 2271 οὐδὲ
1222 2207 1376 2282 δανείζου-

259 2333 315 2372 σιν.
366 2309 456 2371 τίδὲ
486 2309 575 2371 τοῦτό
602 2309 684 2372 ἐστιν
714 2310 879 2391 ἀναγκαῖον
909 2311 1015 2374 εἰπεῖν.
1066 2309 1118 2398 ἔχε
1147 2314 1242 2374 ταῦτα
1273 2312 1318 2384 ὡς
1344 2310 1376 2372 ἐν

145 2473 146 2476 ,
259 2411 454 2498 προθεωρίᾳ.
489 2413 564 2497 όρος
586 2410 710 2474 δανείου
733 2411 795 2474 ἐστι
818 2409 871 2474 τὸν
894 2413 1034 2494 λαβόντα
1057 2411 1196 2496 γίνεσθαι
1212 2412 1374 2498 δεσπότην,

208 2531 242 2583 20
259 2513 336 2577 εἶναι
357 2514 393 2577 δὲ
414 2516 485 2600 ημῖν
508 2511 614 2600 ἔνοχον
638 2510 693 2576 οὐκ
716 2513 760 2588 είς
787 2513 864 2576 αὐτὰ
893 2518 1006 2591 ταῦτα,
1038 2513 1108 2578 ἀλλ’
1138 2515 1182 2590 είς
1210 2514 1304 2599 ἕτερα
1324 2518 1377 2598 τῆς

259 2615 353 2702 αὐτῆς
386 2618 587 2690 ὑποστάσεως
621 2617 668 2678 καί
696 2616 874 2700 ποσότητος.
926 2617 976 2679 διὰ
1012 2615 1103 2680 τοῦτο
1137 2615 1223 2681 εἷπον
1256 2619 1291 2680 τὸ
1322 2617 1379 2678 λα·

258 2719 414 2801 βόνταθ)
436 2720 664 2800 γίνεσθαιῑθ)
694 2719 909 2804 δεσπότην,
932 2719 980 2782 ἵνα
1006 2719 1097 2804 φάγω
1116 2723 1230 2807 χρῆσιν
1252 2721 1301 2782 καὶ
1323 2743 1378 2782 πα·

107 2804 111 2812 ’
226 2889 229 2896 f
256 2821 491 2908 ραιιαταθηιιην·
521 2821 570 2884 ἐπὶ
598 2821 715 2884 τούτων
745 2821 806 2904 γὰρ
838 2820 874 2884 οὐ
904 2821 1018 2902 γίνεται
1040 2821 1195 2907 δεσπότης
1217 2823 1234 2884 ό
1257 2819 1379 2904 λαμβά·

259 2946 331 2986 νων.
380 2923 430 2986 διὰ
460 2926 548 2986 τοῦτο
580 2923 665 2987 εἷπον
693 2922 875 3006 γίνεσθαι
900 2924 987 3008 ημῖν
1020 2922 1170 3010 ἔνοχον,
1205 2923 1253 2986 ἵνα
1288 2923 1377 3007 φάγω

208 3049 241 3101 25
259 3025 399 3111 δωρεὰν
424 3025 472 3090 ἐπὶ
491 3027 551 3108 γὰρ
581 3025 694 3111 ταύτης
724 3023 778 3087 οὐκ
807 3023 886 3088 ἔστιν
915 3024 1024 3112 ἔνοχος
1056 3027 1073 3088 ό
1102 3026 1283 3110 λαμβάνων.
1330 3024 1378 3088 διὰ

259 3131 349 3191 τοῦτο
372 3128 407 3190 δὲ
429 3126 514 3190 εἷπον
535 3127 603 3191 ουίι
624 3129 681 3202 εἷς
704 3126 802 3190 αὐτὰ
824 3130 957 3206 ταῦτα,
980 3127 1064 3190 ἀλλ’
1095 3128 1149 3202 είς
1172 3128 1292 3213 ἕτερα
1314 3131 1379 3213 τῆς

260 3228 380 3319 αὐτῆς
402 3230 658 3304 ὑποστάσεως
689 3231 749 3293 καὶ
779 3229 1029 3318 ποσότητος,
1052 3229 1101 3294 ἵνα
1129 3230 1173 3314 μη
1196 3231 1250 3315 τὴν
1269 3228 1379 3316 χρείαν
1491 3281 1492 3324 2

260 3332 359 3395 ἀνέλω
373 3337 429 3396 τοῦ
444 3332 578 3396 δανείου.
601 3332 629 3394 εί
643 3332 703 3415 γὰρ
718 3331 907 3418 ἠναγκάζετο
923 3332 941 3394 ό
961 3331 1186 3414 δανεισάμενος
1202 3329 1280 3394 abr&
1291 3330 1377 3394 Ιδιδό-

260 3457 318 3513 ναι,
327 3435 408 3516 άπερ
420 3433 525 3516 ἔλαβε,
536 3433 679 3518 περιττὸν
691 3433 728 3519 ἦν
738 3436 774 3496 τδ
786 3433 985 3507 δανείζεσθαι
996 3433 1168 3507 δανείζεται
1179 3433 1215 3495 δὲ
1226 3430 1263 3494 οίι
1276 3431 1376 3496 πάντα
1491 3461 1492 3520 χ

329 3720 357 3792 1)Ι
368 3727 393 3780 d.
411 3727 453 3779 Vi.
471 3727 503 3780 R.
645 3725 669 3790 2)
686 3725 725 3779 ita
743 3721 785 3778 Vi.
802 3723 849 3778 li:
868 3731 917 3779 cet.
934 3723 1031 3776 “-τδ’.
1170 3722 1191 3790 ³)
1209 3722 1313 3790 γίνεται
1330 3722 1378 3775 Ιιὸ.
1491 3703 1492 3754 i

259 3815 283 3879 ⁴)
300 3813 346 3864 τὸν
364 3810 465 3880 ταύτην
484 3811 576 3878 άναγν.
594 3829 618 3864 τ.
637 3811 664 3862 θ.
684 3829 705 3862 ν.
724 3809 797 3862 ἔστιν
816 3811 908 3879 εὑρεῖν
927 3811 970 3865 vi.
986 3809 1020 3866 R.
1200 3811 1224 3875 ⁵)
1242 3807 1268 3864 d.
1286 3806 1330 3859 Vi.
1348 3805 1379 3858 R.

259 3899 283 3964 6)
300 3897 387 3950 οίιιεῖα
403 3896 445 3950 de.
462 3897 515 3950 M.:
533 3895 594 3950 add.
611 3903 663 3951 cet.
804 3896 827 3962 7)
844 3897 861 3964 ἡ
879 3895 922 3951 ad.
941 3911 1001 3950 cum
1021 3893 1062 3950 vi.
1079 3895 1112 3949 R.
1252 3894 1275 3960 8)
1295 3892 1380 3945 οἰκεῖα

260 3984 303 4038 Vi.
320 3983 352 4036 R„
372 3983 447 4035 ἑαυτ.
465 3983 500 4034 τὰ
516 4000 563 4051 πρ.
581 3981 631 4038 Ll.
650 3981 698 4034 11².
717 3980 748 4034 F.
769 3979 827 4032 ἐτπ.
845 3982 928 4051 πράγ,
947 3981 998 4034 Lss.
1110 3979 1133 4047 9)
1150 3978 1268 4044 λαμβάν.
1286 3976 1329 4031 Vi.
1347 3975 1377 4028 R

260 4067 309 4120 τὸν
327 4068 350 4121 λ.
367 4067 427 4121 libri
445 4074 473 4122 et
490 4065 531 4120 ed.
549 4073 634 4134 praet.
652 4067 704 4120 M.:
724 4067 755 4118 τὸ
773 4067 822 4117 τὸν
840 4066 863 4120 λ.
882 4066 930 4119 Ll.
1066 4068 1101 4135 1⁰)
1118 4066 1250 4134 γενέσθαι
1267 4063 1321 4118 Μ.;
1339 4061 1378 4113 ’τό

260 4154 307 4206 τδν
325 4153 347 4208 λ,
366 4171 391 4220 γ.
411 4152 440 4206 δῖ
459 4151 508 4206 hl.
529 4150 570 4205 vi.
588 4152 620 4206 R.
640 4150 672 4202 τὸ
690 4151 713 4204 λ.
732 4151 771 4206 Μ.
788 4149 836 4202 τὸν
855 4151 877 4204 λ.
897 4151 928 4205 F.
1010 4167 1012 4172 '
