3096 4890
707 501 748 511 -·
792 487 859 527 xxti
906 496 945 513 ’-

272 653 344 718 dum
368 671 421 718 eos
442 652 538 718 libros
562 651 685 728 retinui,
707 653 770 732 qui,
793 659 828 716 ut
850 653 992 718 omuibus
1019 653 1165 734 liquebit,
1195 653 1234 716 ad
1257 667 1389 732 graecae

271 771 435 853 prosodiae
459 789 597 836 normam
620 771 861 837 conformantur.
906 772 1034 854 quibus,
1059 771 1090 836 ni
1112 771 1220 851 lallor,
1244 770 1387 836 Zacha-

270 889 373 957 riaei
410 891 597 957 desiderium
633 889 822 972 explebitur,
865 892 947 974 quod
983 893 1049 974 ipse
1085 890 1157 956 olim
1192 890 1387 973 expressit.¹)

269 1017 444 1077 ceterarum
466 1011 704 1093 praecipuarum
728 1009 898 1076 editionum
923 1012 1079 1077 uariantes
1102 1008 1224 1092 collegi:
1248 1010 1322 1074 item
1344 1010 1388 1076 lo·

268 1147 430 1211 eosquos
453 1128 828 1214 inuenerim,parallelos.
876 1130 1050 1196 uersionem
1073 1147 1197 1214 quoque
1219 1129 1346 1195 latinam
1369 1149 1386 1193 e

268 1252 393 1332 regione
426 1251 548 1329 addidi,
583 1267 643 1316 nou
672 1255 810 1314 ueterem
839 1249 926 1314 illam
954 1249 1152 1328 Curtiauam,
1185 1266 1286 1330 neque
1318 1267 1385 1314 eam

269 1390 363 1454 quam
387 1371 580 1437 Fabrotus
603 1369 784 1435 emendauit
806 1375 861 1435 aut
876 1368 992 1435 Reitz
1003 1369 1063 1435 ius
1078 1367 1226 1446 foedauit,
1243 1373 1292 1434 set
1306 1385 1386 1447 quae

268 1490 342 1554 mihi
364 1488 558 1571 potissimum
581 1490 776 1570 probaretur.

353 1610 389 1674 In
411 1609 469 1675 hac
492 1627 560 1673 mea
583 1607 720 1674 editione
742 1607 901 1690 oonrplura
916 1606 1005 1674 laoile
1022 1607 1212 1690 deprehendi
1227 1615 1383 1692 poterunt,

267 1747 347 1810 qnae
374 1728 511 1792 notanda
539 1724 749 1808 uideantur.')
794 1746 873 1810 quae
900 1727 925 1790 si
953 1728 1023 1810 quis
1050 1728 1221 1806 monuerit,
1252 1729 1385 1793 libenter

266 1847 444 1926 audiuntne,
474 1855 505 1913 et
532 1845 559 1911 ei
582 1847 661 1912 tanti
683 1851 790 1924 erunt,
820 1847 860 1911 ad
880 1848 978 1912 nostri
1001 1846 1114 1914 laboris
1137 1847 1383 1914 emendationem

266 1967 461 2049 accipiemus.
507 1985 544 2031 eo
567 1967 648 2032 enim
678 1968 890 2034 tantummodo
922 1967 1093 2047 tendimns,
1122 1975 1157 2032 ut
1185 1969 1262 2034 haec
1292 1969 1384 2034 Para·

264 2086 396 2169 phrasis,
419 2103 499 2166 quae
522 2102 541 2151 a
563 2088 684 2169 nemine
706 2106 812 2153 eorum
835 2095 883 2152 est
906 2088 1103 2170 neglegende,
1125 2089 1179 2169 qui
1194 2090 1269 2155 iuris
1285 2089 1386 2154 soien-

265 2206 328 2272 tiae
350 2223 476 2290 operam
500 2207 583 2282 dent,
607 2205 706 2288 magis
729 2207 890 2290 magisque
912 2208 1064 2274 adornata
1086 2215 1118 2274 et
1139 2209 1291 2291 perpolita
1313 2228 1384 2291 pro·

264 2325 365 2392 cedat.

332 2633 355 2702 ¹)
369 2629 510 2685 Ἀνέκδοτα
527 2649 553 2701 p.
574 2636 624 2690 173
641 2651 667 2690 n.
684 2637 726 2689 56.

332 2717 355 2784 ²)
373 2718 404 2771 ln
422 2719 539 2787 plagulis
557 2721 759 2789 typographicis
783 2722 947 2792 corrigendis
964 2723 1092 2778 nonnulla
1110 2723 1260 2791 sphalmata
1279 2735 1377 2790 perpe·

264 2819 321 2858 ram
339 2803 435 2859 relicta
453 2811 523 2874 sunt,
542 2821 611 2874 quae
630 2812 719 2860 tamen
742 2806 821 2862 facile
844 2808 929 2863 lector
946 2809 1148 2863 animadvertet.
1167 2814 1197 2861 ut
1215 2823 1276 2862 ecoe
1293 2824 1320 2876 p.
1340 2807 1375 2861 4b

260 2887 395 2957 ‘proemio'
415 2905 464 2958 pro
480 2888 602 2960 primia,
619 2908 646 2960 p.
664 2893 700 2946 bb
721 2889 829 2962 ‘legum'
853 2909 902 2962 pro
917 2892 1038 2962 ‘rerum',
1062 2911 1088 2963 p.
1107 2899 1142 2950 9ει
1163 2892 1326 2947 ‘absolutum
1346 2929 1352 2944 .
1372 2933 1379 2945 .

264 2975 345 3046 quod‘
366 2999 398 3024 =
412 2975 561 3032 ‘absolutus
579 3019 585 3031 .
605 3019 611 3031 .
629 2977 694 3046 qui'.
714 2984 765 3032 cet.
