3078 4882
558 379 915 472 '-.-ros-

240 592 410 660 inofficioso
431 598 562 676 agentes
590 594 711 660 utiliter
739 595 799 662 bac
825 591 967 677 querella
988 599 1131 674 utentur,
1161 612 1232 661 cnm
1254 595 1367 662 ceteris

240 712 363 778 auxiliis
385 715 510 780 omnino
531 722 677 793 comant,
699 723 872 781 extremum
899 717 980 780 enim
1004 715 1177 781 subsidium
1201 713 1242 781 de
1263 713 1364 781 inoiii·

240 832 323 898 cioso
345 832 488 913 querella
508 839 566 900 est
588 835 646 915 qui
667 835 749 900 enim
771 835 832 899 ulio
853 834 923 900 iure
944 835 985 899 ad
1008 835 1113 900 omniu
1127 834 1267 900 delunoti
1282 834 1365 900 bona

240 971 390 1018 eorumne
412 958 533 1033 partem
555 953 666 1020 uenire
687 958 802 1036 potest,
825 954 946 1019 aditum
969 955 1009 1019 ad
1031 952 1204 1036 querellam
1227 972 1289 1020 non
1311 954 1364 1019 ha-

239 1072 303 1137 bet.
346 1071 378 1136 id
399 1077 505 1137 autem
527 1092 589 1138 non
611 1077 733 1137 tuntum
757 1073 796 1138 de
819 1073 939 1149 liberis,
969 1073 1024 1153 qui
1052 1073 1085 1138 in
1114 1092 1220 1139 rernm
1249 1069 1365 1139 natura
1399 1063 1416 1113 ⁵

196 1207 221 1258 3.
240 1198 323 1272 sunt,
346 1196 395 1257 set
416 1191 457 1257 de
477 1193 631 1274 postumis
653 1210 777 1274 quoque
799 1193 938 1273 intellegi
960 1198 1094 1274 oportet.
1125 1193 1155 1256 3.
1177 1193 1265 1272 Quae
1289 1210 1365 1258 uero

239 1312 285 1376 ita
305 1311 484 1392 accipimus,
505 1311 533 1376 si
554 1310 633 1377 nihil
654 1312 779 1394 penitus
802 1312 847 1377 eis
869 1328 889 1375 a
910 1310 1058 1378 defuncto
1079 1311 1225 1378 relictum
1247 1310 1309 1378 sit:
1333 1313 1365 1376 id

240 1430 321 1494 enim
348 1430 537 1496 sanctissimi
563 1431 715 1512 principis
744 1431 844 1496 nostri
873 1430 1098 1497 constitutione
1132 1436 1278 1509 cauetur,
1309 1431 1365 1512 qui

240 1553 373 1614 naturas
394 1549 531 1615 debitam
558 1551 700 1615 seruauit
728 1550 959 1615 uerecundiam.
1012 1550 1085 1616 olim
1115 1552 1197 1616 enim
1227 1550 1288 1614 nisi
1318 1553 1365 1615 to·

240 1673 307 1732 tum
337 1670 420 1748 quod
450 1666 618 1733 deberetur
644 1676 729 1733 esset
753 1667 912 1744 relictum,
943 1669 1100 1751 querellae
1129 1669 1169 1736 de
1191 1667 1364 1734 inofficioso
1386 1687 1416 1739 10

238 1788 326 1852 locus
341 1784 444 1852 fiebat.
468 1792 505 1851 ut
518 1805 590 1853 ecce
605 1784 708 1854 0000
722 1806 888 1854 aureorum
904 1789 1127 1871 patrimonium
1143 1788 1270 1871 quidum
1294 1803 1363 1854 cum

239 1905 378 1983 haberet,
394 1905 559 1987 oportebat
577 1925 648 1971 eum
666 1904 828 1973 Gomnino
844 1908 1029 1991 relinquere,
1044 1909 1126 1974 idest
1144 1915 1290 1988 quartam
1310 1907 1365 1973 bo·

240 2040 352 2088 norum
374 2029 505 2104 partem,
526 2043 566 2089 ne
587 2023 627 2088 de
648 2023 819 2091 inofficioso
841 2033 1000 2106 ageretur.
1047 2026 1140 2093 bodie
1162 2043 1241 2091 uero
1263 2026 1290 2090 si
1313 2025 1363 2091 uel

240 2159 385 2206 nummus
407 2161 489 2208 unus
510 2142 574 2209 lilio
597 2145 785 2212 exheredato
813 2144 867 2211 uel
894 2147 1180 2228 quantulacumque
1208 2163 1284 2227 pure
1311 2145 1363 2212 bo·

240 2277 351 2325 norum
373 2263 568 2343 relinquatur
594 2263 646 2328 uel
677 2264 837 2346 quaelibet
866 2283 932 2336 res,
962 2265 1001 2331 de
1027 2262 1196 2331 inofficioso
1225 2265 1365 2344 querella
1385 2272 1416 2324 1⁵

240 2386 343 2446 cessat
369 2386 466 2462 atque
493 2402 531 2448 ex
552 2383 775 2449 constitutione
796 2383 879 2463 quod
906 2389 1038 2466 quartae
1068 2383 1158 2448 deest
1187 2381 1361 2464 suppletur,

240 2499 314 2565 licet
334 2505 468 2566 testator
489 2503 618 2583 propria
639 2521 732 2568 manu
761 2520 823 2568 non
854 2503 1032 2585 scripserit:
1061 2502 1214 2581 siquid
1243 2518 1364 2581 quar·

240 2624 304 2682 tae
326 2618 467 2685 deesse
489 2620 722 2687 inueniatur
751 2621 788 2684 id
811 2620 900 2686 uolo
926 2622 1021 2687 boni
1048 2621 1129 2686 uiri
1151 2619 1364 2687 arbitratu

239 2739 427 2820 suppleri.
478 2739 510 2804 id
534 2741 616 2805 enim
643 2739 789 2822 quamuis
819 2758 880 2805 non
911 2741 953 2806 sit
974 2741 1132 2807 adiectum
1154 2741 1224 2824 ipsa
1249 2741 1365 2807 consti·

196 2878 222 2926 4.
239 2859 320 2923 tutio
342 2858 472 2938 perinde
492 2860 605 2941 accipit
625 2878 663 2926 ao
684 2859 712 2924 si
734 2866 847 2942 suapte
869 2868 983 2927 natura
1004 2867 1224 2944 consequatur.
1269 2863 1299 2924 4.
1329 2859 1363 2926 Si
1381 2873 1416 2925 uo

239 2979 311 3058 quis
333 2984 496 3061 paternam
518 2979 679 3061 amplexus
707 2980 750 3046 sit
773 2979 983 3058 uoluntatem,
1012 2983 1122 3063 nequit
1149 2985 1261 3066 postea
1290 2998 1363 3048 ean·

240 3097 311 3162 dem
333 3116 390 3179 per
411 3096 582 3177 querellam
604 3097 766 3164 inofficiosi
788 3098 983 3166 subuertere.
1026 3100 1111 3167 unde
1131 3101 1165 3166 id
1186 3079 1365 3180 quaesitum

240 3221 297 3281 est
320 3235 391 3282 cum
402 3215 485 3282 filius
496 3235 594 3289 meus,
610 3217 707 3298 quiin
719 3222 876 3300 potestate
887 3224 965 3296 erat,
981 3219 1091 3301 pupilli
1107 3219 1270 3286 cuiusdam
1282 3225 1365 3287 tute·

239 3335 302 3400 lam
316 3343 451 3416 gereret,
466 3335 601 3401 moriens
615 3355 673 3418 ego
688 3336 783 3401 alium
798 3337 954 3417 quendam
970 3337 1117 3404 heredem
1132 3338 1264 3413 institui,
1280 3357 1363 3405 eum·

238 3470 300 3534 que
314 3455 370 3536 qui
392 3455 423 3518 in
446 3473 516 3522 mea
531 3461 598 3520 erat
612 3460 769 3536 potestate
790 3456 975 3522 exheredem
997 3455 1070 3537 loci3
1093 3458 1230 3538 legatum
1254 3462 1363 3524 autem
1382 3492 1416 3544 25

239 3573 367 3656 pupillo,
389 3575 441 3640 oui
461 3574 529 3656 ipse
550 3579 619 3640 erat
639 3579 727 3640 tutor
748 3573 870 3655 reliqui.
908 3593 979 3641 onm
1001 3575 1146 3657 petiisset
1168 3574 1251 3642 filius
1273 3595 1361 3643 meus

238 3691 378 3773 legatum
393 3691 511 3774 pupillo
526 3691 678 3770 relictum,
693 3692 840 3774 deinceps
854 3691 1025 3774 querellam
1039 3691 1201 3763 inofficiosi
1216 3695 1364 3774 instituit,

239 3816 349 3891 utpote
372 3812 426 3893 qui
454 3811 531 3876 nihil
558 3830 596 3877 ex
624 3811 765 3892 paternis
793 3813 883 3879 bonis
907 3814 949 3878 sit
978 3820 1164 3881 consecutus
1194 3813 1364 3880 uidendum
