3022 4884
578 379 810 444 -123-

125 567 211 632 hana
231 566 362 646 praedia
381 565 581 649 appellantur
603 567 663 632 etsi
684 564 718 630 in
740 563 817 632 uilla
838 571 920 631 sunt
949 570 982 631 et
1002 582 1156 646 quaenam
1178 571 1252 631 sunt

126 686 301 752 seruitutes
321 683 522 766 praediorum
543 682 758 750 urbanorum?
779 684 811 750 in
833 702 870 751 eo
892 682 1077 762 consistunt,
1099 689 1136 748 ut
1157 701 1254 749 onera

125 804 224 870 uicini
247 805 419 869 sustineam
442 808 474 867 et
500 805 575 867 sunt
603 801 678 868 hae:
705 800 831 866 domum
859 801 1028 879 habebam,
1054 800 1193 868 habebas
1222 805 1255 869 et

125 927 164 986 tu
186 922 315 987 domum
336 925 524 1008 proximam3
546 926 623 1008 petii
644 944 664 991 a
685 931 718 992 te
740 929 776 992 ut
797 924 906 992 liceret
928 926 1004 990 milri
1027 925 1116 1007 tigna
1136 942 1207 991 mea
1221 924 1253 989 in

127 1047 218 1106 tuum
251 1041 420 1110 immittere
453 1045 620 1127 parietem,
659 1043 711 1109 uel
740 1043 897 1109 stillicidia
935 1041 987 1108 uel
1027 1041 1142 1110 flumen
1177 1044 1254 1112 tecti
1287 1045 1305 1096 ὅ

127 1159 190 1225 mei
211 1160 243 1223 in
275 1165 346 1226 tuas
374 1161 469 1226 aedes
497 1159 549 1226 nel
576 1177 682 1226 aream
709 1167 901 1227 conuertere.
952 1162 1004 1228 uel
1033 1166 1070 1228 tu
1099 1161 1254 1228 eiusmodi

126 1278 178 1342 ius
200 1277 232 1342 iu
255 1295 324 1342 mea
351 1277 489 1344 habebas
519 1276 674 1343 aedificia:
708 1277 783 1358 petii
817 1297 837 1343 a
869 1283 900 1344 te
933 1297 973 1343 ne
1005 1277 1191 1345 immitteres
1220 1280 1253 1345 iu

128 1395 223 1461 aedes
246 1412 333 1461 meas
355 1396 407 1461 uel
435 1396 468 1461 in
497 1415 603 1462 aream
633 1414 734 1462 meam
761 1395 957 1464 stillicidium
984 1396 1035 1462 uel
1062 1394 1177 1464 flumen
1205 1399 1252 1464 tui

127 1515 222 1593 tecti;
244 1519 300 1580 aut
322 1515 400 1596 petii
428 1522 502 1582 ate
523 1519 560 1581 ut
588 1515 665 1582 mihi
691 1516 724 1583 id
752 1515 831 1581 iuris
853 1515 1049 1595 concederes,
1079 1535 1118 1582 ne
1144 1516 1255 1582 liceret

128 1631 187 1699 tibi
211 1633 305 1700 aedes
327 1639 399 1699 tuas
420 1635 515 1701 altius
536 1633 646 1702 tollere
669 1641 701 1701 et
723 1637 769 1700 ita
789 1636 959 1702 luminibus
974 1633 1254 1701 aediummearnm
1274 1641 1306 1691 1⁰

89 1761 110 1810 2.
128 1751 264 1820 officere.
320 1754 350 1816 2.
383 1753 420 1819 In
453 1756 659 1822 seruitutibus
687 1756 885 1838 praediorum
907 1756 1095 1822 rusticorum
1118 1756 1256 1837 (oportet

130 1871 213 1938 enim
236 1872 277 1937 ad
301 1873 426 1939 easdem
449 1873 589 1956 regredi)
612 1879 697 1939 recte
719 1879 832 1954 putant
847 1873 975 1957 qnidam
990 1889 1090 1954 aquae
1105 1874 1254 1938 haustum

130 1993 314 2071 computari,
337 1997 374 2056 ut
395 1991 470 2056 mihi
492 1991 594 2086 liceat
608 1992 640 2056 in
663 2011 773 2072 agrum
796 1998 885 2057 tuum
910 1993 1018 2058 uenire
1045 1998 1077 2057 et
1098 2011 1136 2057 ex
1158 1990 1254 2069 fonte,

131 2110 185 2194 qni
207 2110 292 2190 apud
314 2115 347 2174 to
369 2115 426 2188 est,
449 2126 563 2191 aquam
585 2111 711 2178 haurire
733 2110 783 2176 uel
798 2127 894 2192 pecus
909 2128 1012 2177 meum
1035 2111 1137 2175 intuo
1158 2108 1254 2175 fundo

130 2226 171 2290 ad
192 2244 306 2308 aquam
330 2229 501 2308 appellere,
525 2227 576 2293 uel
597 2245 742 2310 pascere,
766 2247 836 2293 cum
859 2227 940 2293 forte
962 2228 1111 2310 graminis
1133 2227 1305 2308 copiam15

91 2362 113 2413 s.
130 2343 263 2424 babeas,
297 2343 349 2410 uel
375 2345 491 2411 calcem
520 2364 654 2429 coquere
682 2345 735 2412 uel
764 2346 915 2412 harenam
941 2343 1057 2413 fodere.
1108 2345 1137 2408 3.
1179 2342 1255 2410 Ideo

131 2468 236 2528 autem
259 2462 318 2529 hae
340 2465 511 2531 seruitutes
533 2465 734 2556 praediorum
762 2465 950 2532 rusticorum
979 2483 1036 2530 seu
1064 2463 1255 2529 urbanorum

132 2581 289 2659 dicuntur,
311 2581 387 2664 qnia
408 2583 477 2649 sine
499 2582 603 2650 fundis
625 2586 677 2650 uel
699 2584 830 2650 aedibus
852 2585 999 2651 constitui
1028 2601 1089 2648 non
1112 2585 1254 2662 possunt.

132 2721 220 2768 nemo
244 2702 328 2768 enim
346 2708 454 2784 potest
480 2704 667 2769 seruitutem
697 2703 809 2770 urbani
839 2703 890 2769 nel
915 2702 1025 2769 rustici
1054 2699 1174 2782 praedii
1201 2700 1256 2767 ad·

132 2821 273 2902 quirem,
306 2821 366 2886 nisi
392 2821 448 2900 qni
476 2821 570 2886 aedes
600 2821 652 2888 uel
679 2821 813 2887 fundum
839 2821 964 2888 habeat
1016 2838 1118 2902 neque
1144 2835 1255 2884 rursus
1273 2823 1308 2875 20

131 2939 199 3020 quis
222 2943 329 3020 potest
349 2939 504 3020 quandum
528 2938 640 3004 harum
663 2940 864 3006 seruitutium
887 2939 1016 3018 debere,
1045 2938 1105 3004 nisi
1128 2937 1256 3002 domum

93 3071 115 3122 a.
132 3057 182 3122 uel
210 3056 345 3122 fundum
374 3058 498 3123 babeat.
546 3059 577 3120 4.
614 3058 675 3136 Qui
704 3056 807 3124 uicim
836 3056 991 3122 uelit'ins
1024 3055 1151 3136 aliquod
1185 3073 1256 3121 con·

132 3176 264 3259 stituere
304 3177 501 3258 pactionibus
542 3183 574 3243 et
618 3175 875 3257 stipulationibus
921 3175 954 3241 id
997 3175 1101 3242 lacere
1142 3178 1255 3255 potest.

131 3300 223 3375 pacto
256 3295 338 3359 enim
368 3294 452 3362 facto
473 3290 525 3361 'de
552 3294 707 3360 seruitute
736 3293 971 3373 constituenda,
1005 3293 1033 3357 is
1063 3292 1114 3357 cui
1144 3310 1181 3357 ea
1208 3310 1256 3358 ce·

133 3413 236 3479 denda
266 3420 315 3478 est
348 3414 395 3498 ita
419 3413 607 3496 stipulatur:
640 3413 860 3498 spondesne
893 3429 1040 3480 cessam
1074 3414 1307 3479 cernitu-25

132 3539 208 3600 tem
243 3531 434 3599 seruare?
465 3534 527 3598 sin
557 3539 688 3599 antem
718 3533 865 3609 minus,
905 3531 1129 3614 spondesne
1166 3532 1257 3596 dare
