3038 4884
565 379 776 442 ..64-

117 575 163 654 tur
183 567 290 632 ualere
313 567 474 647 incipiunt.
508 568 614 646 itaque
636 565 817 647 relinquunt
837 571 984 646 parentes
1005 559 1231 662 tutoremlibe·¹

115 687 153 752 ris
179 687 246 751 suis
273 687 503 768 impuberibus,
530 686 599 752 siue
622 684 768 750 masculis
789 685 856 750 siue
877 681 1012 749 leminis.
1064 682 1230 764 nepotibus

115 813 212 870 autem
232 804 443 886 neptibusque
464 807 509 870 ita
531 805 656 870 demum
670 805 744 870 lieet
758 810 896 869 tutorem
911 801 1096 884 relinquero,
1117 803 1231 887 sipost

114 933 240 992 mortem
262 924 319 990 aui
340 926 372 990 in
394 924 444 988 sui
466 925 565 1006 patris
589 929 776 1005 potestatem
799 941 860 988 non
890 923 953 986 sint
979 921 1127 986 recasuri.
1173 923 1231 987 ita·

114 1064 168 1126 que
188 1046 214 1108 si
236 1045 310 1126 quis
331 1041 430 1108 filium
452 1045 484 1108 in
507 1049 664 1125 potestate
686 1043 801 1106 habeat
829 1049 924 1123 atque
951 1059 988 1105 ex
1016 1058 1052 1105 eo
1074 1047 1228 1121 nepotem,
1264 1063 1281 1114 5

113 1164 262 1245 relinquat
285 1171 392 1231 autem
419 1165 525 1246 nepoti
555 1169 693 1228 tutorem
722 1164 753 1227 in
785 1167 989 1237 testamento,
1020 1161 1046 1223 si
1069 1161 1229 1225 testatoris

114 1285 215 1349 mortis
236 1291 380 1365 tempore
403 1283 505 1347 media
526 1300 660 1363 persona
682 1283 713 1346 iu
736 1282 803 1346 eius
825 1280 961 1346 mansori
983 1286 1155 1362 potestate,
1179 1298 1230 1346 ne·

113 1410 193 1482 potes
215 1404 491 1468 testamentarium
512 1410 650 1467 tutorem
673 1419 734 1466 non
756 1402 928 1467 habebunt·
971 1407 1044 1482 post
1073 1400 1154 1464 onim
1176 1400 1229 1464 aui

113 1523 155 1588 sui
176 1529 311 1588 mortem
333 1523 364 1586 iu
386 1520 487 1601 putris
509 1521 559 1586 sui
581 1526 771 1602 potestatem
799 1520 956 1597 recident,
983 1520 1117 1600 ideoque
1143 1517 1229 1585 nullo

112 1641 173 1708 iuro
195 1649 304 1708 tutore
326 1646 471 1717 utentur,
501 1657 572 1705 oum
601 1639 665 1707 iam
695 1640 811 1704 dictum
840 1640 882 1707 sit
908 1638 1124 1707 filioslamilias
1148 1657 1229 1707 nun·
1248 1656 1280 1712 uo

112 1779 197 1842 quam
225 1762 258 1826 in
282 1756 382 1826 tutela
403 1776 482 1824 esse.
528 1761 575 1822 sin
598 1765 702 1824 antem
724 1757 828 1823 medis
848 1776 982 1840 persona
1004 1761 1113 1825 mortis
1137 1767 1230 1824 testa·

112 1881 182 1947 toris
204 1889 348 1966 tempore
369 1887 418 1948 sui
440 1884 518 1949 iuris
541 1884 593 1968 sit,
615 1894 690 1951 tuno
712 1884 766 1950 aui
789 1903 871 1950 mors
902 1893 1046 1965 nepotem
1074 1887 1122 1951 sui
1150 1885 1229 1950 iuris

113 2000 209 2080 elficit,
232 2009 331 2086 utque
353 2003 468 2069 tutoris
488 2004 576 2094 patio
599 2005 693 2082 ualet,
716 2011 827 2087 utpote
849 2024 929 2087 quae
951 2004 984 2070 in
1004 2005 1228 2087 patrefamilias

79 2139 98 2187 4.
112 2124 264 2204 procedat.
300 2127 331 2187 4.
352 2115 602 2192 Liberis‘autem
624 2126 741 2191 nostris
764 2125 870 2210 quiin
893 2143 998 2192 rerum
1020 2133 1134 2192 natura
1155 2135 1229 2190 sunt

112 2259 195 2322 posse
212 2261 276 2308 nos
299 2250 435 2312 tutorem
456 2243 634 2326 relinquare
655 2245 857 2311 manifestum
871 2251 933 2319 est;
957 2264 996 2310 an
1013 2245 1107 2332 etiam
1120 2252 1230 2326 postu·
1248 2246 1279 2295 ¹5

113 2346 195 2428 mis?¹
206 2364 347 2445 postumi
361 2371 465 2430 autem
484 2369 558 2432 sunt
572 2365 626 2447 qui
640 2372 712 2447 post
733 2369 865 2431 mortem
886 2371 1025 2430 nostram
1047 2370 1227 2432 nascuntur.

113 2487 141 2546 et
159 2482 292 2550 dicimus
307 2501 407 2565 posse,
430 2503 501 2550 oum
515 2484 548 2548 in
563 2483 777 2566 compluribus
789 2484 892 2550 causis
906 2501 964 2566 pro
984 2482 1047 2548 iam
1070 2482 1151 2548 naus
1173 2483 1228 2547 ha

112 2600 237 2668 beantur
247 2608 336 2670 reete
350 2613 456 2669 autem
467 2610 587 2670 tutores
598 2605 751 2685 postumis
767 2611 843 2668 tuno
857 2605 982 2681 dantur,
996 2603 1023 2666 si
1037 2603 1069 2666 in
1085 2620 1122 2666 ea
1133 2619 1229 2667 ouusa

112 2721 168 2786 sint
189 2731 224 2787 ut
247 2724 275 2790 si
299 2722 387 2789 nobis
408 2723 491 2788 uiuis
513 2729 718 2790 nascerentur
739 2723 770 2792 iu
793 2729 902 2788 nostra
923 2720 1034 2790 fierent
1062 2725 1226 2805 potestate,

79 2853 98 2904 5.
112 2837 186 2905 idest
207 2843 266 2921 sui,
290 2843 414 2907 nomine
436 2844 651 2925 praecedente.
690 2844 719 2908 5.
732 2837 798 2908 'Sin
821 2839 926 2910 autem
948 2844 1141 2926 emancipato
1163 2841 1227 2908 filio
1245 2856 1279 2906 eo

111 2961 247 3038 poterin
270 2969 461 3028 testamento
484 2970 620 3029 tutorem
644 2963 808 3044 relinquat,
832 2981 894 3028 non
915 2962 1002 3031 ualet
1023 2962 1149 3046 quidem
1173 2963 1227 3027 da·

112 3078 150 3143 tio
170 3080 342 3146 secundum
371 3082 447 3146 iuris
475 3082 699 3164 suptilitatem,
721 3082 795 3166 quia
817 3082 934 3150 dietum
961 3088 1010 3148 est
1036 3081 1075 3146 iis
1104 3086 1226 3149 tantum

111 3198 158 3276 qui
177 3200 226 3264 sui
249 3200 326 3264 iuris
348 3201 412 3266 sint
434 3187 557 3266 tutores
580 3200 612 3265 in
636 3207 824 3266 testamento
847 3200 980 3282 relinqui
1002 3219 1109 3282 posse:
1139 3217 1226 3282 prae

111 3321 155 3380 tor
181 3338 259 3385 uero
287 3326 344 3384 sut
368 3335 496 3400 praeses
527 3318 708 3400 prouinciae
737 3317 876 3385 defuncti
905 3319 1099 3385 uoluntatem
1128 3318 1225 3383 adim-

111 3435 169 3516 plet
188 3447 285 3519 atque
307 3439 459 3506 eiusmodi
482 3438 641 3506 dationem
663 3439 730 3505 sine
752 3439 952 3520 inquisitione
974 3435 1150 3517 confirmat,
1180 3439 1225 3502 ni·
1243 3441 1277 3492 25

157 4277 253 4332 Theoph·
266 4279 383 4322 Antecess·
397 4292 440 4322 rec·
453 4278 543 4321 Ferrini.
