3058 4890
615 418 846 482 -229-

115 605 223 681 satia
265 605 317 670 36.
351 605 504 688 Legatum
526 625 650 690 qnoque
671 624 791 688 poenae
811 605 936 671 homine
962 605 1114 672 inutiliter
1137 601 1285 688 relinqui·

167 731 221 791 tur
241 725 293 792 ncl
316 725 464 792 adimitur
486 728 537 793 nel
563 727 759 792 transfertur.
811 743 931 806 poenae
957 731 1061 791 autom
1091 725 1214 800 nomino
1242 724 1284 789 le·

166 863 243 927 gare
265 845 390 910 uidetur
411 846 464 925 qni
487 845 646 912 coercendi
675 843 798 911 heredis
821 863 915 910 cansa
943 843 1106 927 relinquit,
1136 861 1199 924 qno
1221 862 1285 908 ma·
1325 836 1327 842 ’

166 965 213 1048 gis
236 965 262 1028 is
285 963 403 1045 aliquid
427 963 521 1030 iaciat
544 971 599 1030 ant
628 983 688 1029 non
721 964 823 1029 iaciat.
877 983 947 1029 cnm
974 965 1057 1028 enim
1086 963 1191 1045 plures
1220 981 1283 1031 mo·

166 1087 282 1150 tientes
315 1085 434 1165 aliquid
465 1084 505 1149 ab
532 1083 700 1150 heredibus
729 1083 796 1150 fieri
824 1084 983 1162 iuberent,
1019 1090 1051 1148 et
1085 1085 1169 1148 uitae
1195 1082 1280 1147 insti·
1316 1099 1333 1152 r

129 1289 133 1296 Ι
165 1204 300 1270 tuendae
322 1205 473 1270 rationem
496 1205 652 1283 quandam
674 1203 938 1284 praescriberent,
962 1219 1054 1286 quam
1077 1220 1206 1268 seruare
1230 1203 1285 1268 de·

164 1323 288 1402 berent,
321 1322 435 1390 deinde
467 1324 618 1389 eiusmodi
650 1323 804 1389 iussiones
834 1324 966 1389 heredes
992 1323 1118 1403 impune
1147 1321 1284 1388 solerent

164 1450 368 1521 contemnere,
391 1442 556 1529 quominus
578 1445 610 1508 id
632 1442 722 1509 fieret
737 1443 876 1509 homines
900 1443 1116 1524 procidentes,
1139 1441 1284 1523 pecnnia-

163 1563 241 1628 riam
264 1581 395 1642 poenam
418 1562 683 1647 excogitauernnt,
708 1565 796 1640 cuins
826 1567 937 1629 timore
968 1564 1058 1629 heres
1086 1563 1135 1628 uel
1163 1561 1281 1626 inuitus
1385 1579 1387 1584 ·

162 1683 280 1763 aliquid
301 1701 395 1764 agere
417 1689 589 1764 cogeretur.
633 1702 671 1747 en
694 1689 799 1748 antem
822 1682 996 1765 exemplum
1018 1700 1136 1766 poenae
1159 1681 1281 1747 nomine
1302 1686 1334 1737 10

161 1801 271 1883 legati:
294 1803 345 1869 ille
368 1803 443 1867 milri
466 1804 556 1869 heres
579 1809 656 1880 esto,
679 1802 808 1868 liliam
831 1810 960 1868 nutem
988 1820 1093 1868 snam
1117 1801 1219 1867 Titio
1242 1801 1279 1865 in

162 1923 458 1987 matrimonium
481 1921 654 1988 collocet
677 1923 727 1988 uel
757 1927 880 1988 contra:
911 1941 981 1988 non
1012 1921 1195 1988 collocet:
1218 1921 1279 1988 sin

161 2048 290 2108 autem
329 2049 467 2124 contra
510 2042 679 2117 iecerit,
723 2041 811 2109 Seio
851 2060 990 2108 aureos
1028 2044 1057 2108 X
1097 2044 1169 2109 det
1229 2041 1279 2108 nel

160 2162 222 2228 ita:
246 2165 277 2228 si
303 2163 420 2228 heres
450 2181 557 2228 meus
579 2162 762 2229 Stichum
792 2181 953 2229 sernum
983 2181 1101 2228 meum
1129 2163 1281 2229 aliena·

161 2285 272 2352 uerit
294 2287 358 2370 (nel
380 2294 488 2352 contra
510 2307 580 2352 non
605 2285 871 2367 alienanerit),
895 2285 1000 2350 Titio
1023 2286 1154 2350 decem
1183 2284 1280 2348 soli·
1300 2291 1329 2342 ro

162 2404 233 2472 dos
256 2405 358 2472 dato.
386 2425 446 2471 non
469 2406 553 2472 ualet
575 2408 711 2487 legatum
735 2427 771 2472 ex
794 2406 917 2472 duabus
933 2407 1049 2471 causis:
1065 2406 1197 2487 primum
1214 2402 1281 2485 qui·

163 2524 232 2590 dem
259 2523 422 2605 quianon
455 2523 633 2590 admittitur
661 2527 728 2591 iure
761 2526 898 2608 legatum
932 2525 1014 2608 quod
1048 2544 1085 2589 ex
1118 2523 1280 2589 uoluntate

162 2646 295 2726 pendeat
340 2644 488 2724 heredis,
537 2644 595 2712 hoc
641 2663 716 2712 uero
764 2663 840 2712 casu
880 2643 913 2709 in
956 2663 1014 2709 suo
1055 2644 1186 2708 arbitrio
1231 2651 1280 2709 est

162 2770 267 2830 utrum
290 2761 404 2830 debeat
425 2783 482 2830 nec
504 2782 543 2829 ne
566 2765 651 2846 (nam
674 2765 700 2829 si
728 2765 889 2830 testatoris
916 2763 1109 2829 uoluntatem
1134 2781 1280 2830 seruaue-

162 2884 213 2961 rit,
235 2881 313 2947 nihil
334 2885 445 2963 soluet,
468 2885 494 2948 sl
518 2903 594 2949 uero
623 2903 684 2949 non
707 2885 984 2966 optemperauerit,
1014 2881 1165 2965 legatario
1196 2889 1280 2948 tene·
1297 2891 1359 2944 20·

163 2985 278 3083 bitnr):¹
302 3003 412 3068 deinde
442 3003 515 3086 qnia
543 3004 647 3085 legata
674 3023 711 3069 ex
745 3001 957 3088 beniuolentia
983 3007 1078 3085 atque
1108 3001 1279 3067 adlectione

162 3141 237 3206 erga
258 3122 443 3205 legatarium
459 3131 533 3188 sunt
548 3122 759 3204 relinquenda,
782 3142 843 3189 non
866 3142 943 3188 uero
965 3123 995 3186 in
1019 3121 1123 3188 odium
1147 3120 1278 3185 heredis.

160 3243 193 3307 in
214 3248 336 3308 tantum
358 3248 462 3308 nutem
485 3242 636 3308 eiusmodi
658 3243 767 3324 regula
789 3259 870 3324 quae
884 3243 928 3306 ait
942 3241 1065 3306 inutilia
1086 3259 1155 3316 esse
1177 3241 1281 3322 legata

162 3379 280 3442 poenae
309 3361 433 3427 nomine
461 3361 572 3428 relicta
599 3360 697 3439 ualet,
729 3370 766 3428 nt
796 3362 912 3427 multae
942 3356 1065 3444 unoque
1093 3360 1280 3443 principales

163 3479 400 3547 constitutiones
420 3486 537 3554 extent,
558 3483 672 3562 quibus
687 3479 880 3562 significatur
901 3501 940 3546 ne
961 3480 1131 3565 principem
1154 3479 1279 3566 quidem
1297 3491 1330 3544 ro
