3058 4890
674 386 819 449 ..209
863 419 905 431 ...

231 577 264 638 τὸ
283 576 425 660 ληγάτον.
449 575 476 636 εἰ
499 573 559 658 γὰρ
580 574 755 659 ἠπιστάμην
778 572 832 638 οὐκ
854 571 930 651 ἐμὸν
952 568 1030 634 εἶναι
1059 571 1093 632 τὸ
1116 572 1255 652 πρᾶγμα,
1277 565 1356 630 ἐσθ’

229 678 283 740 ὅτε
305 677 361 739 υόκ
385 675 423 739 ἀν
446 675 521 739 αὐτὸ
543 673 708 759 κατέλειῲα
731 671 891 736 καὶτοῦτο
914 671 1054 743 διατάξει
1070 670 1279 758 περιέχεταιῑ)
1302 671 1357 732 τοῦ

230 779 394 842 θειοτάτου
417 777 518 860 Piu.²)
563 777 617 841 ἐὰν
639 776 814 864 ληγατεόση
843 798 888 851 τις
917 775 985 858 ἐμοὶ
1007 773 1167 856 ἀλλότριον
1195 771 1356 857 πρᾶγμα)

230 881 280 943 καὶ
311 882 328 941 ό
362 880 556 966 κληρονόμος
586 881 630 964 μὴ
657 879 852 962 βουλόμενος
882 877 1038 962 ἀγοράσαι
1066 877 1141 938 αότδ
1172 875 1221 939 καὶ
1249 872 1358 937 δοῦναι

197 980 327 1067 ῦῆγουν
350 987 523 1070 παρασχεῖν
546 982 599 1067 τὴν
622 980 803 1068 διατίμησιν,
827 977 1037 1043 ἀνυπόστατόν
1045 978 1072 1057 ⁴)
1101 1000 1177 1062 φησι
1204 978 1238 1039 τὸ
1266 975 1359 1062 ληγά·

232 1106 283 1146 τον
306 1082 357 1146 διὰ
378 1086 414 1147 τὸ
437 1085 490 1146 τὸν
511 1082 667 1148 tentatura
689 1084 812 1165 ἀγνοεῖν
842 1082 1001 1165 ἀλλότριον
1031 1077 1108 1142 εῖναι
1135 1081 1244 1156 τοῦτο,
1276 1078 1361 1141 ἐναν-

232 1185 421 1269 τιούμενοςδ)
445 1186 482 1250 δὲ
504 1185 566 1268 ἐγὼ
589 1187 607 1249 ὂ
630 1185 819 1271 ληγατάριος
840 1184 967 1270 λσχορδν
990 1182 1065 1246 αδτδ
1085 1178 1359 1265 διαβεβαιοῦμαί)

235 1287 312 1354 εἶναι
335 1290 386 1354 διὰ
409 1291 443 1352 τδ
467 1290 519 1351 τὸν
540 1289 768 1376 τελευτήσαντα
798 1287 944 1367 ελδέναιῖ)
974 1288 1020 1350 ότι
1049 1287 1082 1349 τδ
1112 1289 1243 1369 πρᾶγμα
1272 1285 1361 1348 ἀλλό-

235 1415 319 1476 τριον
342 1389 423 1477 ἦνθ),
447 1390 491 1464 τίς
514 1388 578 1472 ἀρα
599 1390 774 1473 βαρύνεται
796 1393 835 1476 τῇ
857 1389 1035 1467 ἀποδείξει,
1057 1391 1075 1451 ὁ
1097 1387 1293 1474 κληρονόμος
1313 1386 1359 1450 λέ·

185 1508 218 1559 10
236 1519 300 1578 γιον
322 1494 504 1581 ἠγνοηκέναι
527 1495 578 1558 τὸν
599 1491 758 1558 λθεῒέλοτα
780 1491 799 1580 η
823 1493 841 1556 δ
870 1492 1059 1578 ληγατάριος
1087 1489 1272 1554 ἐπίστασθαι
1301 1491 1362 1575 φά-

236 1623 318 1662 σκων
341 1597 448 1680 αδτόν;
473 1599 520 1660 καὶ
542 1596 672 1680 λέγομεν
695 1593 899 1660 ἀπιδεικνόειν
922 1594 1162 1677 ἀναγκάζεσθαι,
1185 1593 1204 1656 δ
1225 1593 1287 1678 γὰρ
1309 1592 1362 1680 λη-

234 1700 384 1783 γατάριος
404 1697 504 1762 factm
522 1697 566 1760 ὢν
583 1697 710 1774 εἰκόταις
730 1697 901 1783 βαρύνεται
921 1701 961 1784 τῇ
983 1697 1149 1769 ἀποδείξει.
1174 1697 1203 1761 5.
1226 1693 1254 1762 a)
1270 1693 1364 1770 ίίτιος
1380 1707 1407 1758 5.

236 1801 460 1881 δανεισάμενος
484 1800 570 1885 παρὰ
592 1799 701 1865 Ρτίαιιι
723 1800 921 1887 ἐνεγυρίασεν
945 1799 1013 1887 ἢτοι
1035 1799 1168 1864 ὑπέδετο
1197 1797 1285 1881 αὐτῷ
1315 1795 1363 1859 ἐπὶ

237 1906 283 1989 τῷ
302 1902 394 1989 χρέει
423 1903 534 1966 ολκεῖον
562 1903 669 1987 ἀγρόν.
725 1904 880 1968 τελευτῶν
912 1906 929 1966 ό
963 1903 1059 1978 Τίτιος
1087 1904 1157 1986 πρὶν
1186 1900 1301 1985 ἀποδῷ
1326 1901 1363 1961 τδ

187 2017 218 2068 18
231 2003 329 2094 χρέος
350 2003 540 2090 έληγάτευσέ
558 2029 612 2088 μοι
634 2002 744 2069 τοῦτον
766 2007 818 2068 τὸν
842 2005 955 2090 ἀγρόν·
980 2005 1115 2091 ἀνάγκην
1138 2001 1365 2088 όκληρονόμος

236 2106 300 2179 έξει
322 2105 506 2188 καταβαλεῖν
529 2107 564 2168 τδ
588 2107 688 2195 χρέος
717 2109 761 2193 τῷ
788 2106 904 2192 Ρτίωῳ
931 2107 981 2171 καὶ
1007 2111 1062 2194 τῆς
1091 2105 1251 2193 ὑποδηκης
1280 2102 1365 2166 ἐλεό-

237 2208 334 2294 δερον
357 2205 483 2289 αὐτδνθ)
507 2208 625 2272 διδόναι
644 2233 708 2294 μοι.
753 2207 912 2273 κάνταῦδα
935 2209 972 2271 δὲ
992 2210 1012 2294 η
1035 2207 1113 2294 αίιτη
1124 2208 1245 2296 χώραν
1266 2204 1365 2293 ἐχέτω

239 2311 397 2389 διάστιξις,
420 2311 487 2397 ἥτις
507 2312 557 2375 καὶ
584 2311 633 2374 ἐπὶ
660 2314 714 2374 τοῦ
745 2311 961 2397 προλαβόντος
986 2310 1143 2395 δέματος,
1171 2310 1258 2393 ηνίκα
1280 2307 1367 2372 ἀλλό

240 2435 324 2498 τριον
347 2411 541 2499 έληγατεόδη
564 2415 703 2495 πρᾶγμα.
761 2411 833 2476 τότε
862 2413 923 2497 γάρ
950 2412 1154 2492 ἀναγκάζεται
1184 2411 1201 2474 δ
1232 2409 1367 2497 κληρονό

187 2540 222 2592 20
237 2537 299 2599 μος
312 2513 500 2595 καταβαλὼν
507 2513 545 2594 ¹⁰)
560 2515 596 2577 τὸ
610 2513 706 2601 χρέος
720 2511 909 2598 ἐλευθεροῦν
923 2519 981 2602 τῆς
996 2513 1157 2600 δποδηκης
1172 2515 1207 2576 τὸ
1222 2513 1367 2597 ληγάτον,

240 2616 274 2680 ἐν
297 2615 324 2702 ᾧ
346 2615 493 2702 ἠπίστατο
516 2617 534 2677 ό
556 2617 746 2701 τελευτήσας
767 2616 950 2682 ὑποκείσθω
972 2619 1006 2680 τὸ
1030 2621 1175 2702 πρᾶγμα,
1202 2615 1368 2679 καὶτοῦτο

240 2717 390 2803 Σεβῆρος
411 2719 460 2780 καὶ
481 2715 649 2793 Ἀντονῖνος
670 2717 870 2804 ἀντέγραψαν
901 2719 929 2781 οί
955 2717 1124 2783 δειότατοι.
1174 2718 1202 2780 ελ
1220 2717 1329 2799 μέντοι
1351 2717 1370 2778 ό

241 2819 427 2904 τελευτήσας
447 2818 614 2907 η’βουλήδη
638 2821 690 2883 τὸν
712 2821 900 2906 ληγατάριον
914 2820 970 2885 τοῦ
984 2819 1102 2905 δεσμοῦ
1117 2819 1292 2893 ἀπαλλάξαι
1313 2821 1370 2904 τῆς

242 2919 449 3006 ὑποδίριηςῑῑ)
472 2923 634 2985 καὶτοῦτο
663 2921 768 2998 λδικῶς
789 2922 1000 3010 ἐξεφώνησεν,
1024 2923 1080 2988 οὐκ
1106 2922 1224 3009 ὀφείλει
1252 2922 1270 2985 δ
1301 2921 1371 3006 κλη-

191 3048 225 3101 25
240 3025 379 3112 ρονόμος
406 3020 496 3087 τοῦτο
530 3023 730 3106 λυτροῦσθαι.
775 3026 804 3089 6.
837 3023 1087 3113 ωἘληγάτευσά
1122 3048 1170 3089 σοι
1208 3023 1370 3108 ἀλλότριον
1387 3045 1416 3098 6,

242 3131 381 3212 πρᾶγμα.
429 3124 633 3210 ἐπιζήσαντός
657 3151 720 3212 μου
749 3129 788 3213 τῇ
816 3129 937 3214 ποιησει
968 3133 1026 3216 τῆς
1059 3129 1213 3218 διαδήκης
1238 3127 1372 3211 γέγονας

245 3225 418 3292 αὐτοῦτοῦ
442 3228 625 3312 πράγματος
647 3228 686 3292 σδ
708 3228 863 3314 δεσπότης
884 3231 902 3293 ὁ
924 3231 1121 3316 ληγατάριος.
1154 3231 1200 3294 ότι
1213 3229 1272 3313 μὲν
1295 3228 1371 3292 αὐτὸ

244 3332 278 3395 τὸ
302 3334 429 3414 πρᾶγμα
451 3332 506 3393 τὸν
526 3330 720 3416 κληρονόμον
746 3331 885 3395 ἀπαιτεῖν
914 3331 951 3394 οὐ
980 3331 1109 3398 δύνασαι
1135 3333 1218 3416 (πῶς
1246 3331 1308 3415 γὰρ
1336 3331 1372 3393 τδ

347 3551 370 3618 1)
388 3549 428 3605 Μ.
446 3549 495 3604 Ll.
514 3550 577 3604 111⁸.
601 3549 671 3604 L⁶.:
700 3568 762 3619 περ.
780 3551 852 3607 διάτ.
871 3550 914 3605 vi.
932 3551 964 3606 1⁴².
982 3550 1014 3606 R.
1153 3552 1177 3619 ¹)
1195 3566 1246 3606 ser.
1263 3550 1303 3605 M.
1321 3549 1372 3604 11¹.

245 3635 270 3701 ⁸)
290 3634 349 3698 ἐμοὶ
365 3633 392 3687 h.
411 3633 428 3687 l.
447 3634 488 3687 vi.
505 3633 540 3690 R.
658 3635 682 3705 ⁴)
700 3636 731 3688 δὲ
750 3634 878 3690 εἴναιοδ.
897 3633 1005 3690 vi.1·“1.
1025 3635 1060 3692 R.
1171 3637 1194 3701 ε)
1212 3635 1266 3690 u:
1282 3638 1371 3688 -ιοῦ-

245 3735 297 3782 μοι
312 3717 377 3770 L1.:
396 3717 537 3782 ἐνίσταμαι
554 3717 597 3773 vi.
614 3719 648 3774 Β.
750 3720 774 3788 ⁸)
791 3734 851 3774 meo
869 3718 1007 3788 periculo:
1027 3735 1097 3774 om
1113 3719 1374 3788 διαβεβαιούμενος.

247 3803 271 3870 ⁷)
288 3803 332 3854 ὅτι
349 3801 406 3855 εἶδε
422 3802 468 3858 αδ.
485 3803 524 3857 Μ.
665 3805 688 3872 ⁸)
706 3805 750 3858 διδ
774 3804 840 3876 -ᾗν
864 3804 889 3859 d.
912 3805 963 3859 hl.
988 3805 1052 3860 121⁸.
1074 3805 1132 3860 ἀλλ.
1156 3804 1190 3876 ἦν
1208 3806 1241 3859 τδ
1258 3823 1306 3874 πρ.
1324 3805 1375 3860 Ιιθ.

244 3887 271 3953 9)
289 3900 323 3940 ex
341 3884 375 3953 ej.
394 3886 441 3945 R.:
460 3897 510 3942 cet.
529 3890 585 3941 -δ,
688 3890 724 3958 1⁰)
743 3889 876 3942 -λίσδαι
893 3888 942 3943 Ῑιθ.
1061 3889 1098 3958 11)
1116 3889 1160 3943 lta
1176 3889 1229 3945 Ma
1249 3889 1297 3942 τδν
1315 3889 1373 3959 ληγ.

248 3973 297 4024 τοῦ
314 3971 390 4036 δτσμ
408 3973 439 4025 τὸ
456 3973 573 4042 ληγάτον
592 3974 639 4028 ἀπ.
655 3992 678 4030 τ.
698 3974 742 4028 ὑπ.
759 3973 811 4028 L1.
833 3972 892 4027 ΜΔ
915 3973 964 4027 τδν
990 3973 1013 4026 λ.
1036 3973 1085 4027 τοό
1106 3974 1184 4038 dum
1207 3977 1256 4041 τῆς
1279 3973 1323 4027 ότι.
1348 3989 1373 4025 τ.

246 4053 363 4124 ληγάτον
381 4056 427 4111 ἀπ.
446 4057 491 4111 vi.
507 4058 541 4112 1¹¹.
556 4058 590 4113 R

318 4158 346 4225 κ)
363 4155 426 4226 Epi.
442 4159 488 4223 37,
504 4161 549 4214 90.
652 4160 680 4228 b)
698 4159 793 4216 Proch.
811 4164 854 4230 ³5,
871 4162 914 4217 87.
932 4159 994 4229 Epi
1011 4162 1056 4229 37,
1071 4163 1114 4216 86.
1127 4162 1170 4217 87.
