3096 4890
613 379 803 440 ..·6..

146 572 239 648 etque
262 565 403 648 exemplo
417 563 662 645 exposuerimus,
686 565 724 630 de
740 565 807 630 iure
823 564 962 646 gentium
978 561 1189 644 dispiciamus.
1217 567 1270 649 qui

147 687 225 751 enim
256 685 477 767 rempublicam
509 684 673 750 constituit
702 701 833 764 eamque
860 681 984 774 legi-bus
1012 680 1082 747 uult
1120 703 1270 750 exornare

146 826 200 887 per
232 807 312 870 duas
342 805 434 870 hasce
462 805 531 869 uias
558 802 730 885 procedens
760 803 830 867 iuro
859 803 974 868 condit.
1024 808 1082 870 aut
1111 805 1191 868 euim
1220 806 1270 874 ins

146 927 284 1006 gentium
314 925 491 1000 constituit,
527 922 609 1003 quod
642 941 700 1004 per
726 923 908 988 abusionem
937 921 1082 988 naturale
1111 943 1269 1006 nocemus,

146 1053 200 1111 eut
222 1045 323 1123 ciuile,
346 1045 441 1124 idque
463 1043 513 1109 uel
536 1043 687 1124 scriptum
710 1044 760 1108 nel
783 1061 843 1109 non
866 1045 1029 1126 seriptum.
1067 1047 1197 1126 etquid
1220 1052 1269 1110 est
1302 1043 1318 1094 5

145 1167 193 1232 ius
218 1165 379 1248 gentium?
401 1164 451 1228 ius
462 1162 602 1244 gentium
619 1170 667 1228 est
682 1165 764 1245 quod
780 1165 820 1228 ed
843 1183 949 1229 omnes
971 1163 1126 1242 homines,
1149 1164 1204 1245 qui
1220 1185 1270 1230 ra-

146 1286 229 1350 tione
251 1283 398 1348 nimirum
413 1283 523 1348 uiuere
546 1284 665 1361 uolunt,
689 1285 883 1366 extenditnr3
906 1286 1047 1368 exemplu
1072 1291 1178 1352 nutem
1202 1288 1270 1352 eius

145 1410 219 1470 sunt
240 1401 412 1468 homicides
427 1402 560 1468 interfici
577 1406 715 1482 [oportet
731 1403 813 1469 enim
835 1422 888 1470 eos
909 1423 967 1487 per
990 1423 1035 1483 ea,
1060 1405 1174 1487 quibus
1197 1403 1270 1469 deli-

145 1534 282 1606 querunt
304 1524 426 1604 plecti],
457 1524 634 1590 adulterum
664 1525 813 1605 puniri¹),
841 1524 942 1590 furem
972 1527 1106 1607 pecunia
1132 1524 1269 1602 multari,

146 1647 219 1727 quin
240 1650 274 1710 et
295 1645 328 1710 in
350 1645 480 1726 pecunie
503 1663 560 1708 nos
582 1643 682 1722 laesit,
706 1645 877 1710 debitorem
897 1665 966 1714 sese
989 1666 1063 1729 erga
1086 1667 1156 1713 eum
1179 1649 1322 1714 bene-10

146 1767 251 1830 nolum
267 1767 442 1842 ostendere,
464 1765 517 1845 qni
533 1763 566 1828 in
582 1766 724 1846 angustis
747 1766 841 1829 rebus
862 1785 931 1830 eum
949 1766 1119 1844 adiuuerit,
1143 1785 1269 1833 seruum

146 1885 236 1949 iustis
260 1885 455 1950 dominorum
477 1887 632 1950 mandatis
652 1893 878 1967 optemperare,
901 1886 969 1952 fieri
985 1896 1173 1967 contractus,
1198 1909 1270 1955 uen-

146 2005 280 2070 ditiones
303 2004 476 2086 emptiones
499 2005 670 2070 locationes
693 2007 914 2072 conductiones
938 2009 1081 2090 deposito
1103 2012 1269 2076 societates

146 2132 264 2203 mutua,
289 2123 358 2190 fieri
380 2123 574 2202 donationes
597 2125 749 2190 conscribi
772 2133 969 2192 testamento.
1023 2129 1079 2193 Ius
1109 2128 1200 2195 ciuile
1222 2135 1271 2196 est

146 2246 229 2327 quod
252 2250 284 2310 et
306 2246 404 2312 locale
427 2253 459 2309 et
487 2245 564 2310 utile
592 2264 755 2324 nocemus,
786 2248 868 2327 quod
898 2246 965 2314 loco
994 2249 1270 2327 circumscribitur,
1291 2252 1322 2302 15

144 2366 268 2448 locique
289 2366 420 2431 utilitati
439 2365 575 2431 consulit
588 2383 731 2448 quaeque
746 2373 820 2432 sunt
836 2368 902 2433 loco
924 2369 1100 2449 perniciose
1122 2375 1270 2434 removet.

145 2489 182 2548 ut
213 2503 285 2550 ecce
312 2484 549 2550 Atheniensium
578 2485 690 2551 ciuitas
720 2488 893 2552 aduecticio
924 2489 1074 2554 utebatur
1103 2489 1270 2568 frumento,

146 2612 255 2687 utpote
278 2625 360 2688 quae
374 2606 461 2670 tenui
491 2605 557 2670 solo
579 2605 752 2683 frueretur,
774 2625 830 2672 nec
853 2606 917 2673 ulla
943 2625 994 2672 ros
1017 2606 1078 2671 alia
1101 2608 1199 2688 magis
1215 2628 1268 2674 eos

145 2727 298 2810 gravabat
320 2745 414 2809 quam
441 2745 583 2792 annonae
611 2727 735 2791 caritas.
764 2725 872 2810 itaque
900 2727 953 2810 qui
983 2746 1050 2793 eam
1079 2727 1188 2792 tollere
1215 2745 1270 2791 uo-

145 2847 265 2923 luisset,
282 2845 430 2927 quidnam
453 2846 537 2910 aliud
560 2847 782 2922 constituisset,
806 2865 899 2927 quum
922 2846 1135 2912 frumentariis
1157 2847 1269 2911 immu-
1286 2846 1321 2896 20

146 2967 277 3032 nitatem
310 2966 503 3032 concedere?
535 2967 595 3032 hoc
622 2967 703 3031 enim
731 2966 903 3046 patefacto,
939 2966 1045 3047 plures
1064 2962 1105 3030 'in
1129 2967 1268 3032 Atticam

145 3091 251 3150 essent
267 3084 446 3166 nauigaturi
467 3084 530 3149 duo
553 3085 630 3152 haec
645 3086 818 3165 studenter,
843 3092 879 3150 nt
900 3093 1030 3168 propter
1052 3086 1200 3151 frumenti
1223 3089 1270 3150 in·

146 3207 248 3287 opiam
275 3204 365 3270 fieret
387 3205 527 3271 uenditio
542 3223 579 3270 ac
600 3211 762 3286 praeterea
784 3205 903 3270 nullum
926 3205 1076 3271 eiusmodi
1093 3205 1268 3270 commercii

145 3325 270 3390 nomine
302 3326 474 3407 penderent
507 3325 652 3406 uectigal.
695 3325 802 3390 multis
832 3331 938 3391 autem
968 3344 1005 3392 eo
1035 3325 1270 3406 nauigantibus,

216 3583 240 3648 ¹)
258 3579 338 3635 cliter
353 3579 439 3634 intell.
457 3579 509 3649 W,
528 3595 577 3634 nec
594 3586 684 3635 tamen
703 3587 782 3638 recte.
