3038 4884
598 414 803 479 ..58-

143 603 199 682 rit,
223 602 333 686 quiin
354 607 510 685 potestate
532 610 590 683 ast,
613 609 688 670 tunc
710 621 747 670 ex
767 601 915 685 principis
929 599 1030 670 nostri
1044 602 1264 671 constitutione

142 723 220 791 ilico
242 742 262 788 a
283 722 467 806 patriciatus
490 723 639 790 codicillis
661 722 820 805 praestitis
842 740 862 786 a
882 721 985 801 patria
1011 725 1167 802 potestate
1188 721 1264 790 libe·

142 852 245 911 ratur.
290 845 359 927 quis
381 845 463 909 enim
485 843 627 927 patiatur
647 849 766 925 patrem
790 841 915 925 quidem
936 858 1028 924 posse
1054 859 1111 925 per
1133 839 1264 907 emanci-

143 965 303 1047 pationem
326 982 439 1029 nexum
462 963 628 1045 potestatis
656 961 795 1037 soluere,
822 960 1053 1044 imperiatcriae
1078 965 1182 1026 autem
1209 979 1264 1043 po·

142 1085 264 1150 tentiae
284 1084 499 1149 celsitudinem
521 1101 582 1148 non
605 1081 710 1148 ualere
733 1099 803 1147 eum
826 1096 917 1161 quem
940 1080 999 1146 sibi
1020 1086 1142 1161 patrem
1164 1079 1264 1164 elage-
1297 1091 1314 1143 o

99 1213 126 1264 5.
145 1206 191 1271 rit
211 1223 231 1270 a
252 1205 354 1286 patria
377 1205 513 1269 eximere
535 1199 714 1284 potestate?
758 1202 788 1265 5.
823 1200 948 1266 Patrem
978 1217 1081 1266 meum
1107 1199 1147 1265 ab
1168 1199 1264 1267 bosti-

145 1326 209 1389 bus
231 1323 301 1405 capi
323 1324 462 1404 contigit,
485 1327 517 1388 et
539 1322 608 1388 ideo
640 1339 751 1388 seruus
780 1319 917 1388 hostium
946 1317 1046 1387 iactus
1069 1325 1126 1385 est.
1170 1337 1263 1402 quae

141 1443 226 1507 ritur
249 1449 352 1507 utrum
376 1457 444 1522 ego,
466 1440 521 1520 qui
549 1439 617 1508 eius
646 1438 728 1505 filius
746 1459 826 1518 sum,
855 1441 916 1506 mai
943 1438 1021 1506 iuris
1047 1439 1106 1504 sim
1133 1455 1173 1504 an
1195 1437 1262 1504 eius

141 1562 305 1628 subiectus
331 1562 490 1644 potestati.
543 1560 661 1626 etmel
689 1558 765 1624 iuris
796 1557 921 1641 quidem
950 1558 1010 1624 dici
1036 1576 1098 1623 uon
1125 1575 1261 1640 possum,

144 1701 217 1748 cnm
247 1699 318 1764 spes
348 1686 472 1747 maneat
501 1681 691 1764 postliminii.
743 1679 964 1762 postliminium
992 1685 1096 1744 autem
1124 1675 1175 1743 ius
1204 1681 1261 1756 est,
1282 1690 1314 1742 ιο

142 1819 208 1882 quo
231 1803 280 1867 bis
308 1803 362 1886 qui
389 1803 428 1868 ab
458 1803 600 1869 hostibus
629 1809 792 1869 reuertunt
825 1801 976 1884 pristinus
1004 1806 1105 1868 status
1132 1813 1263 1882 prorsus
1310 1855 1313 1863 .

141 1923 335 1988 restituitur.
368 1941 425 1986 cur
445 1928 550 1987 autem
573 1921 795 2002 postliminium
818 1921 942 1987 dicatur
963 1921 1090 1988 inferius
1112 1935 1262 2003 propone-

142 2060 225 2106 mus.
268 2059 415 2107 reuersus
437 2042 533 2122 igitur
555 2048 645 2124 pater
657 2040 746 2107 -lilios
768 2060 879 2108 rursus
900 2043 932 2107 in
947 2060 1037 2109 suam
1057 2042 1186 2124 recipiet
1207 2061 1259 2128 po·

142 2165 307 2239 testatem,
335 2162 408 2241 quia
433 2159 657 2244 postliminium
689 2160 779 2243 lingit
809 2179 881 2227 eum
913 2179 1036 2244 semper
1068 2164 1101 2229 in
1133 2163 1261 2230 ciuitate

142 2280 241 2347 tuisse
267 2285 300 2345 et
326 2298 482 2362 nunquam
511 2281 550 2347 ab
578 2298 614 2346 ea
649 2281 759 2346 exisse.
807 2287 855 2346 set
881 2296 1000 2361 nequeo
1027 2281 1130 2349 dicere
1160 2283 1311 2349 mcdi015

142 2408 286 2482 tempore
313 2417 362 2464 me
388 2399 420 2464 in
447 2400 533 2466 serui
562 2406 717 2482 potestate
750 2418 835 2476 esse,
868 2398 963 2467 immo
995 2401 1132 2466 hostium
1165 2400 1260 2468 serui.
1289 2437 1290 2442 κ

142 2521 253 2601 itaque
274 2517 377 2586 medio
404 2527 542 2601 tempore
571 2521 686 2603 pendet
714 2522 762 2586 ius
792 2520 970 2587 liberorum.
1020 2526 1052 2586 et
1081 2522 1107 2586 si
1135 2522 1260 2604 quidem

142 2645 395 2723 paterreuersus
419 2639 488 2719 erit,
511 2641 543 2705 in
563 2639 662 2722 ipsius
678 2658 731 2706 ero
750 2646 925 2724 potestate;
947 2642 995 2707 siu
1017 2647 1121 2708 autam
1143 2642 1187 2710 ibi
1209 2642 1261 2708 da·

141 2761 292 2834 cesserit,
323 2760 384 2826 mei
410 2761 487 2829 iuris
509 2759 589 2825 fiam.
633 2767 683 2826 set
706 2760 752 2837 id,
783 2761 866 2842 quod
892 2761 1038 2836 diximus,
1067 2767 1192 2830 mortuo
1224 2782 1260 2830 eo

140 2881 228 2961 apud
256 2880 377 2958 hostes,
412 2899 460 2946 mc
488 2879 743 2960 patremfamilias
769 2879 861 2960 fieri,
893 2881 1060 2947 indubitati
1089 2882 1166 2948 iuris
1195 2887 1259 2962 est;
1277 2904 1311 2956 ac

144 2997 224 3064 illud
248 3017 324 3064 uero
350 2997 522 3080 ambigitur
549 3018 586 3064 ex
616 3019 677 3082 quo
706 3008 846 3082 tempore
873 2999 913 3066 ab
940 3003 1007 3066 aius
1036 3001 1145 3068 uidear
1173 3007 1260 3083 pote-

140 3124 228 3185 state
248 3119 393 3185 liberari:
417 3129 521 3185 utrum
544 3139 563 3185 a
590 3127 730 3201 tempore
756 3128 957 3216 quoscaptus
980 3129 1043 3197 est,
1073 3140 1113 3187 an
1142 3123 1182 3188 ab
1212 3141 1258 3199 eo,

140 3258 206 3320 quo
230 3239 314 3320 apud
341 3239 446 3305 bostcs
475 3240 652 3306 decesserit.
705 3241 836 3306 interest
865 3241 944 3306 enim
974 3241 1056 3306 inter
1082 3246 1259 3320 utrumque,

142 3359 324 3440 etquidem
347 3358 525 3439 plurimum.
570 3358 652 3440 finge
674 3360 755 3425 enim
783 3361 940 3442 quendam
967 3361 1044 3426 duos
1069 3359 1183 3426 liberos
1206 3359 1260 3423 ba·

141 3479 218 3544 bere
240 3484 336 3558 atque
360 3479 425 3543 Mat
448 3496 614 3544 aureorum
637 3479 875 3560 patrimonium,
902 3496 1033 3561 eumque
1056 3478 1095 3544 ab
1117 3479 1258 3544 hostibus
1276 3479 1310 3531 25

140 3598 222 3681 capi.
268 3616 400 3679 quorum
422 3596 555 3663 liliorum
582 3599 661 3664 alter
689 3598 798 3664 sollers
825 3603 906 3677 erat,
934 3598 1021 3678 isque
1049 3616 1119 3662 cum
1147 3615 1260 3663 aureos

141 3720 175 3783 Μ
210 3738 248 3782 ex
280 3724 412 3800 paterna
449 3717 626 3782 substantia
665 3717 863 3799 sumpsisset,
902 3715 1094 3782 commerciis
1134 3733 1259 3798 operam

140 3838 221 3902 dans
243 3836 403 3902 laboribus
431 3837 496 3901 suis
522 3836 599 3900 alios
625 3835 656 3899 M
678 3853 790 3901 aureos
810 3835 982 3916 quaesiuit:
1006 3834 1085 3901 alter
1115 3854 1189 3901 uero
1212 3853 1260 3900 so·
