<?xml version="1.0" encoding="UTF-8"?>
<!DOCTYPE html PUBLIC "-//W3C//DTD XHTML 1.0 Transitional//EN"
    "http://www.w3.org/TR/xhtml1/DTD/xhtml1-transitional.dtd">
<html xmlns="http://www.w3.org/1999/xhtml" xml:lang="en" lang="en">
 <head>
  <title>
</title>
<meta http-equiv="Content-Type" content="text/html;charset=utf-8" />
  <meta name='ocr-system' content='tesseract 3.04.00' />
  <meta name='ocr-capabilities' content='ocr_page ocr_carea ocr_par ocr_line ocrx_word'/>
</head>
<body>
  <div class='ocr_page' id='page_1' title='image "./institutionumgr00linggoog_0239.png"; bbox 0 0 2990 4884; ppageno 0'>
   <div class='ocr_carea' id='block_1_1' title="bbox 551 418 783 483">
    <p class='ocr_par' dir='ltr' id='par_1_1' title="bbox 551 418 783 483">
     <span class='ocr_line' id='line_1_1' title="bbox 551 418 783 483; baseline 0.004 -1"><span class='ocrx_word' id='word_1_1' title='bbox 551 418 783 483; x_wconf 81' lang='lat'>-103-</span> 
     </span>
    </p>
   </div>
   <div class='ocr_carea' id='block_1_2' title="bbox 68 603 1340 3440">
    <p class='ocr_par' dir='ltr' id='par_1_2' title="bbox 68 603 1340 3440">
     <span class='ocr_line' id='line_1_2' title="bbox 108 603 1231 689; baseline 0 -19"><span class='ocrx_word' id='word_1_2' title='bbox 108 605 238 671; x_wconf 83' lang='lat' dir='ltr'><strong>auolare</strong></span> <span class='ocrx_word' id='word_1_3' title='bbox 260 611 292 671; x_wconf 90' lang='lat' dir='ltr'><strong>et</strong></span> <span class='ocrx_word' id='word_1_4' title='bbox 312 605 465 673; x_wconf 85' lang='lat' dir='ltr'><strong>reuolare.</strong></span> <span class='ocrx_word' id='word_1_5' title='bbox 508 623 579 672; x_wconf 88' lang='lat' dir='ltr'><strong>nam</strong></span> <span class='ocrx_word' id='word_1_6' title='bbox 602 613 634 672; x_wconf 92' lang='lat' dir='ltr'><strong>et</strong></span> <span class='ocrx_word' id='word_1_7' title='bbox 655 624 730 688; x_wconf 84' lang='lat' dir='ltr'><strong>apes</strong></span> <span class='ocrx_word' id='word_1_8' title='bbox 753 603 785 670; x_wconf 88' lang='lat' dir='ltr'><strong>id</strong></span> <span class='ocrx_word' id='word_1_9' title='bbox 808 605 927 672; x_wconf 83' lang='lat' dir='ltr'><strong>iaciunt</strong></span> <span class='ocrx_word' id='word_1_10' title='bbox 949 613 981 672; x_wconf 85' lang='lat' dir='ltr'><strong>et</strong></span> <span class='ocrx_word' id='word_1_11' title='bbox 1003 607 1102 689; x_wconf 89' lang='lat' dir='ltr'><strong>liquet</strong></span> <span class='ocrx_word' id='word_1_12' title='bbox 1124 623 1231 672; x_wconf 90' lang='lat' dir='ltr'><strong>earum</strong></span> 
     </span>
     <span class='ocr_line' id='line_1_3' title="bbox 109 724 1254 814; baseline 0 -24"><span class='ocrx_word' id='word_1_13' title='bbox 109 731 255 790; x_wconf 87' lang='lat' dir='ltr'><strong>naturam</strong></span> <span class='ocrx_word' id='word_1_14' title='bbox 278 743 347 792; x_wconf 89' lang='lat' dir='ltr'><strong>esse</strong></span> <span class='ocrx_word' id='word_1_15' title='bbox 368 725 475 791; x_wconf 85' lang='lat' dir='ltr'><strong>feram.</strong></span> <span class='ocrx_word' id='word_1_16' title='bbox 511 731 543 792; x_wconf 89' lang='lat' dir='ltr'><strong>et</strong></span> <span class='ocrx_word' id='word_1_17' title='bbox 565 743 674 792; x_wconf 90' lang='lat' dir='ltr'><strong>ceruos</strong></span> <span class='ocrx_word' id='word_1_18' title='bbox 696 724 824 806; x_wconf 81' lang='lat' dir='ltr'><strong>quidem</strong></span> <span class='ocrx_word' id='word_1_19' title='bbox 846 725 891 791; x_wconf 89' lang='lat' dir='ltr'><strong>ita</strong></span> <span class='ocrx_word' id='word_1_20' title='bbox 914 732 1093 792; x_wconf 86' lang='lat' dir='ltr'><strong>mansuetos</strong></span> <span class='ocrx_word' id='word_1_21' title='bbox 1114 727 1254 814; x_wconf 79' lang='lat' dir='ltr'><strong>habent,</strong></span> 
     </span>
     <span class='ocr_line' id='line_1_4' title="bbox 109 843 1230 927; baseline -0.002 -17"><span class='ocrx_word' id='word_1_22' title='bbox 109 856 146 910; x_wconf 91' lang='lat' dir='ltr'><strong>ut</strong></span> <span class='ocrx_word' id='word_1_23' title='bbox 168 844 308 910; x_wconf 89' lang='lat' dir='ltr'><strong>dominos</strong></span> <span class='ocrx_word' id='word_1_24' title='bbox 330 843 509 927; x_wconf 87' lang='lat' dir='ltr'><strong>relinquant</strong></span> <span class='ocrx_word' id='word_1_25' title='bbox 531 853 563 911; x_wconf 93' lang='lat' dir='ltr'><strong>et</strong></span> <span class='ocrx_word' id='word_1_26' title='bbox 585 846 616 910; x_wconf 93' lang='lat' dir='ltr'><strong>in</strong></span> <span class='ocrx_word' id='word_1_27' title='bbox 639 844 736 910; x_wconf 88' lang='lat' dir='ltr'><strong>siluas</strong></span> <span class='ocrx_word' id='word_1_28' title='bbox 758 845 873 912; x_wconf 83' lang='lat' dir='ltr'><strong>abeunt</strong></span> <span class='ocrx_word' id='word_1_29' title='bbox 895 851 928 911; x_wconf 91' lang='lat' dir='ltr'><strong>et</strong></span> <span class='ocrx_word' id='word_1_30' title='bbox 954 863 1064 912; x_wconf 87' lang='lat' dir='ltr'><strong>rursus</strong></span> <span class='ocrx_word' id='word_1_31' title='bbox 1091 843 1230 925; x_wconf 82' lang='lat' dir='ltr'><strong>redeant,</strong></span> 
     </span>
     <span class='ocr_line' id='line_1_5' title="bbox 109 963 1231 1064; baseline 0.003 -36"><span class='ocrx_word' id='word_1_32' title='bbox 109 981 280 1046; x_wconf 91' lang='lat' dir='ltr'><strong>eorumque</strong></span> <span class='ocrx_word' id='word_1_33' title='bbox 302 969 415 1029; x_wconf 82' lang='lat' dir='ltr'><strong>natura</strong></span> <span class='ocrx_word' id='word_1_34' title='bbox 437 964 637 1031; x_wconf 82' lang='lat' dir='ltr'><strong>nihilominus</strong></span> <span class='ocrx_word' id='word_1_35' title='bbox 659 963 726 1029; x_wconf 85' lang='lat' dir='ltr'><strong>fera</strong></span> <span class='ocrx_word' id='word_1_36' title='bbox 748 972 806 1064; x_wconf 81' lang='lat' dir='ltr'><strong>est.</strong></span> <span class='ocrx_word' id='word_1_37' title='bbox 846 964 885 1030; x_wconf 93' lang='lat' dir='ltr'><strong>de</strong></span> <span class='ocrx_word' id='word_1_38' title='bbox 913 963 961 1030; x_wconf 92' lang='lat' dir='ltr'><strong>his</strong></span> <span class='ocrx_word' id='word_1_39' title='bbox 984 971 1089 1031; x_wconf 85' lang='lat' dir='ltr'><strong>eutem</strong></span> <span class='ocrx_word' id='word_1_40' title='bbox 1112 965 1231 1032; x_wconf 84' lang='lat' dir='ltr'><strong>anima-</strong></span> 
     </span>
     <span class='ocr_line' id='line_1_6' title="bbox 109 1083 1282 1166; baseline 0.003 -18"><span class='ocrx_word' id='word_1_41' title='bbox 109 1084 200 1148; x_wconf 90' lang='lat' dir='ltr'><strong>libus·</strong></span> <span class='ocrx_word' id='word_1_42' title='bbox 213 1101 294 1166; x_wconf 89' lang='lat' dir='ltr'><strong>quae</strong></span> <span class='ocrx_word' id='word_1_43' title='bbox 316 1103 353 1150; x_wconf 89' lang='lat' dir='ltr'><strong>ex</strong></span> <span class='ocrx_word' id='word_1_44' title='bbox 375 1083 603 1151; x_wconf 91' lang='lat' dir='ltr'><strong>consuetudine</strong></span> <span class='ocrx_word' id='word_1_45' title='bbox 631 1085 717 1152; x_wconf 85' lang='lat' dir='ltr'><strong>abire</strong></span> <span class='ocrx_word' id='word_1_46' title='bbox 746 1092 778 1150; x_wconf 91' lang='lat' dir='ltr'><strong>et</strong></span> <span class='ocrx_word' id='word_1_47' title='bbox 807 1084 909 1151; x_wconf 86' lang='lat' dir='ltr'><strong>redire</strong></span> <span class='ocrx_word' id='word_1_48' title='bbox 937 1085 1053 1164; x_wconf 83' lang='lat' dir='ltr'><strong>solent,</strong></span> <span class='ocrx_word' id='word_1_49' title='bbox 1084 1085 1156 1150; x_wconf 84' lang='lat' dir='ltr'><strong>telis</strong></span> <span class='ocrx_word' id='word_1_50' title='bbox 1184 1104 1232 1151; x_wconf 89' lang='lat' dir='ltr'><strong>re-</strong></span> <span class='ocrx_word' id='word_1_51' title='bbox 1266 1111 1282 1161; x_wconf 73' lang='lat'><strong>5</strong></span> 
     </span>
     <span class='ocr_line' id='line_1_7' title="bbox 109 1203 1231 1288; baseline 0.004 -21"><span class='ocrx_word' id='word_1_52' title='bbox 109 1205 183 1284; x_wconf 77' lang='lat' dir='ltr'><strong>gula</strong></span> <span class='ocrx_word' id='word_1_53' title='bbox 205 1204 295 1270; x_wconf 91' lang='lat' dir='ltr'><strong>nobis</strong></span> <span class='ocrx_word' id='word_1_54' title='bbox 317 1205 475 1271; x_wconf 78' lang='lat' dir='ltr'><strong>tutissime</strong></span> <span class='ocrx_word' id='word_1_55' title='bbox 496 1203 647 1284; x_wconf 74' lang='lat' dir='ltr'><strong>traditur,</strong></span> <span class='ocrx_word' id='word_1_56' title='bbox 676 1205 776 1272; x_wconf 89' lang='lat' dir='ltr'><strong>ueluti</strong></span> <span class='ocrx_word' id='word_1_57' title='bbox 797 1206 830 1272; x_wconf 93' lang='lat' dir='ltr'><strong>in</strong></span> <span class='ocrx_word' id='word_1_58' title='bbox 857 1205 969 1288; x_wconf 87' lang='lat' dir='ltr'><strong>apibus</strong></span> <span class='ocrx_word' id='word_1_59' title='bbox 997 1205 1149 1272; x_wconf 80' lang='lat' dir='ltr'><strong>columbis</strong></span> <span class='ocrx_word' id='word_1_60' title='bbox 1178 1223 1231 1286; x_wconf 89' lang='lat' dir='ltr'><strong>pa·</strong></span> 
     </span>
     <span class='ocr_line' id='line_1_8' title="bbox 109 1323 1231 1408; baseline 0.001 -21"><span class='ocrx_word' id='word_1_61' title='bbox 109 1323 242 1388; x_wconf 87' lang='lat' dir='ltr'><strong>uonibus</strong></span> <span class='ocrx_word' id='word_1_62' title='bbox 265 1325 375 1389; x_wconf 85' lang='lat' dir='ltr'><strong>cernis.</strong></span> <span class='ocrx_word' id='word_1_63' title='bbox 413 1323 546 1390; x_wconf 88' lang='lat' dir='ltr'><strong>dicimus</strong></span> <span class='ocrx_word' id='word_1_64' title='bbox 569 1324 650 1391; x_wconf 93' lang='lat' dir='ltr'><strong>enim</strong></span> <span class='ocrx_word' id='word_1_65' title='bbox 673 1344 813 1408; x_wconf 90' lang='lat' dir='ltr'><strong>eousque</strong></span> <span class='ocrx_word' id='word_1_66' title='bbox 836 1332 944 1392; x_wconf 81' lang='lat' dir='ltr'><strong>nostre</strong></span> <span class='ocrx_word' id='word_1_67' title='bbox 966 1343 1003 1390; x_wconf 87' lang='lat' dir='ltr'><strong>ea</strong></span> <span class='ocrx_word' id='word_1_68' title='bbox 1026 1341 1106 1403; x_wconf 90' lang='lat' dir='ltr'><strong>esse,</strong></span> <span class='ocrx_word' id='word_1_69' title='bbox 1130 1324 1231 1391; x_wconf 86' lang='lat' dir='ltr'><strong>donec</strong></span> 
     </span>
     <span class='ocr_line' id='line_1_9' title="bbox 108 1439 1230 1509; baseline 0.004 -5"><span class='ocrx_word' id='word_1_70' title='bbox 108 1442 247 1506; x_wconf 82' lang='lat' dir='ltr'><strong>animum</strong></span> <span class='ocrx_word' id='word_1_71' title='bbox 269 1439 405 1507; x_wconf 86' lang='lat' dir='ltr'><strong>habeant</strong></span> <span class='ocrx_word' id='word_1_72' title='bbox 422 1442 463 1507; x_wconf 88' lang='lat' dir='ltr'><strong>ad</strong></span> <span class='ocrx_word' id='word_1_73' title='bbox 479 1461 535 1509; x_wconf 89' lang='lat' dir='ltr'><strong>uos</strong></span> <span class='ocrx_word' id='word_1_74' title='bbox 550 1443 739 1509; x_wconf 88' lang='lat' dir='ltr'><strong>reuertendi.</strong></span> <span class='ocrx_word' id='word_1_75' title='bbox 761 1461 833 1508; x_wconf 89' lang='lat' dir='ltr'><strong>nam</strong></span> <span class='ocrx_word' id='word_1_76' title='bbox 855 1441 883 1508; x_wconf 88' lang='lat' dir='ltr'><strong>si</strong></span> <span class='ocrx_word' id='word_1_77' title='bbox 906 1443 1056 1509; x_wconf 82' lang='lat' dir='ltr'><strong>desierint</strong></span> <span class='ocrx_word' id='word_1_78' title='bbox 1078 1443 1230 1509; x_wconf 89' lang='lat' dir='ltr'><strong>eiusmodi</strong></span> 
     </span>
     <span class='ocr_line' id='line_1_10' title="bbox 108 1560 1231 1645; baseline 0.001 -19"><span class='ocrx_word' id='word_1_79' title='bbox 108 1562 248 1626; x_wconf 86' lang='lat' dir='ltr'><strong>animum</strong></span> <span class='ocrx_word' id='word_1_80' title='bbox 270 1560 396 1639; x_wconf 86' lang='lat' dir='ltr'><strong>habere,</strong></span> <span class='ocrx_word' id='word_1_81' title='bbox 425 1568 549 1628; x_wconf 85' lang='lat' dir='ltr'><strong>cessent</strong></span> <span class='ocrx_word' id='word_1_82' title='bbox 570 1568 679 1629; x_wconf 90' lang='lat' dir='ltr'><strong>nostra</strong></span> <span class='ocrx_word' id='word_1_83' title='bbox 706 1580 774 1628; x_wconf 90' lang='lat' dir='ltr'><strong>esse</strong></span> <span class='ocrx_word' id='word_1_84' title='bbox 797 1569 829 1629; x_wconf 92' lang='lat' dir='ltr'><strong>et</strong></span> <span class='ocrx_word' id='word_1_85' title='bbox 848 1562 1028 1645; x_wconf 84' lang='lat' dir='ltr'><strong>occupantis</strong></span> <span class='ocrx_word' id='word_1_86' title='bbox 1050 1561 1138 1628; x_wconf 84' lang='lat' dir='ltr'><strong>finnt</strong></span> <span class='ocrx_word' id='word_1_87' title='bbox 1176 1563 1231 1628; x_wconf 89' lang='lat' dir='ltr'><strong>sed</strong></span> 
     </span>
     <span class='ocr_line' id='line_1_11' title="bbox 108 1679 1283 1765; baseline 0.002 -20"><span class='ocrx_word' id='word_1_88' title='bbox 108 1699 179 1745; x_wconf 90' lang='lat' dir='ltr'><strong>cum</strong></span> <span class='ocrx_word' id='word_1_89' title='bbox 203 1700 241 1746; x_wconf 87' lang='lat' dir='ltr'><strong>ex</strong></span> <span class='ocrx_word' id='word_1_90' title='bbox 256 1679 443 1748; x_wconf 79' lang='lat' dir='ltr'><strong>animalibus</strong></span> <span class='ocrx_word' id='word_1_91' title='bbox 458 1682 537 1765; x_wconf 91' lang='lat' dir='ltr'><strong>ipsis</strong></span> <span class='ocrx_word' id='word_1_92' title='bbox 558 1681 592 1748; x_wconf 94' lang='lat' dir='ltr'><strong>id</strong></span> <span class='ocrx_word' id='word_1_93' title='bbox 614 1682 804 1765; x_wconf 84' lang='lat' dir='ltr'><strong>deprehendi</strong></span> <span class='ocrx_word' id='word_1_94' title='bbox 826 1690 970 1763; x_wconf 85' lang='lat' dir='ltr'><strong>nequeat,</strong></span> <span class='ocrx_word' id='word_1_95' title='bbox 994 1702 1031 1750; x_wconf 83' lang='lat' dir='ltr'><strong>er</strong></span> <span class='ocrx_word' id='word_1_96' title='bbox 1053 1683 1231 1749; x_wconf 87' lang='lat' dir='ltr'><strong>reuertendi</strong></span> <span class='ocrx_word' id='word_1_97' title='bbox 1252 1686 1283 1740; x_wconf 88' lang='lat'><strong>10</strong></span> 
     </span>
     <span class='ocr_line' id='line_1_12' title="bbox 109 1799 1231 1884; baseline 0.001 -19"><span class='ocrx_word' id='word_1_98' title='bbox 109 1799 335 1866; x_wconf 88' lang='lat' dir='ltr'><strong>consuetudine</strong></span> <span class='ocrx_word' id='word_1_99' title='bbox 357 1803 389 1866; x_wconf 94' lang='lat' dir='ltr'><strong>id</strong></span> <span class='ocrx_word' id='word_1_100' title='bbox 412 1801 638 1884; x_wconf 81' lang='lat' dir='ltr'><strong>intellegemus.</strong></span> <span class='ocrx_word' id='word_1_101' title='bbox 682 1801 766 1884; x_wconf 82' lang='lat' dir='ltr'><strong>tinge</strong></span> <span class='ocrx_word' id='word_1_102' title='bbox 792 1803 874 1869; x_wconf 89' lang='lat' dir='ltr'><strong>enim</strong></span> <span class='ocrx_word' id='word_1_103' title='bbox 901 1821 1002 1869; x_wconf 83' lang='lat' dir='ltr'><strong>meam</strong></span> <span class='ocrx_word' id='word_1_104' title='bbox 1028 1820 1154 1870; x_wconf 86' lang='lat' dir='ltr'><strong>ceruam</strong></span> <span class='ocrx_word' id='word_1_105' title='bbox 1182 1820 1231 1867; x_wconf 93' lang='lat' dir='ltr'><strong>me</strong></span> 
     </span>
     <span class='ocr_line' id='line_1_13' title="bbox 108 1917 1231 2005; baseline 0.002 -21"><span class='ocrx_word' id='word_1_106' title='bbox 108 1917 287 1998; x_wconf 80' lang='lat' dir='ltr'><strong>relinquere</strong></span> <span class='ocrx_word' id='word_1_107' title='bbox 307 1921 430 1986; x_wconf 91' lang='lat' dir='ltr'><strong>solitam</strong></span> <span class='ocrx_word' id='word_1_108' title='bbox 445 1921 604 2003; x_wconf 86' lang='lat' dir='ltr'><strong>siluasque</strong></span> <span class='ocrx_word' id='word_1_109' title='bbox 625 1930 733 2005; x_wconf 90' lang='lat' dir='ltr'><strong>petere</strong></span> <span class='ocrx_word' id='word_1_110' title='bbox 755 1922 807 1987; x_wconf 90' lang='lat' dir='ltr'><strong>uel</strong></span> <span class='ocrx_word' id='word_1_111' title='bbox 830 1922 938 1988; x_wconf 79' lang='lat' dir='ltr'><strong>eodem</strong></span> <span class='ocrx_word' id='word_1_112' title='bbox 960 1921 1012 1988; x_wconf 88' lang='lat' dir='ltr'><strong>uel</strong></span> <span class='ocrx_word' id='word_1_113' title='bbox 1033 1927 1158 2004; x_wconf 90' lang='lat' dir='ltr'><strong>postero</strong></span> <span class='ocrx_word' id='word_1_114' title='bbox 1180 1921 1231 1986; x_wconf 92' lang='lat' dir='ltr'><strong>die</strong></span> 
     </span>
     <span class='ocr_line' id='line_1_14' title="bbox 109 2037 1230 2120; baseline 0 -16"><span class='ocrx_word' id='word_1_115' title='bbox 109 2056 310 2104; x_wconf 82' lang='lat' dir='ltr'><strong>reuersurum</strong></span> <span class='ocrx_word' id='word_1_116' title='bbox 332 2037 500 2106; x_wconf 92' lang='lat' dir='ltr'><strong>ueletiam</strong></span> <span class='ocrx_word' id='word_1_117' title='bbox 528 2040 636 2107; x_wconf 84' lang='lat' dir='ltr'><strong>tertio:</strong></span> <span class='ocrx_word' id='word_1_118' title='bbox 666 2058 826 2120; x_wconf 86' lang='lat' dir='ltr'><strong>nunquam</strong></span> <span class='ocrx_word' id='word_1_119' title='bbox 856 2059 931 2106; x_wconf 91' lang='lat' dir='ltr'><strong>uero</strong></span> <span class='ocrx_word' id='word_1_120' title='bbox 959 2041 1043 2106; x_wconf 87' lang='lat' dir='ltr'><strong>ultra</strong></span> <span class='ocrx_word' id='word_1_121' title='bbox 1070 2043 1136 2105; x_wconf 87' lang='lat' dir='ltr'><strong>tres</strong></span> <span class='ocrx_word' id='word_1_122' title='bbox 1164 2041 1230 2105; x_wconf 89' lang='lat' dir='ltr'><strong>dies</strong></span> 
     </span>
     <span class='ocr_line' id='line_1_15' title="bbox 109 2158 1230 2242; baseline 0.001 -20"><span class='ocrx_word' id='word_1_123' title='bbox 109 2176 179 2224; x_wconf 86' lang='lat' dir='ltr'><strong>mea</strong></span> <span class='ocrx_word' id='word_1_124' title='bbox 200 2158 339 2224; x_wconf 86' lang='lat' dir='ltr'><strong>abfuisse</strong></span> <span class='ocrx_word' id='word_1_125' title='bbox 360 2159 463 2225; x_wconf 92' lang='lat' dir='ltr'><strong>domo.</strong></span> <span class='ocrx_word' id='word_1_126' title='bbox 507 2159 535 2224; x_wconf 94' lang='lat' dir='ltr'><strong>si</strong></span> <span class='ocrx_word' id='word_1_127' title='bbox 558 2176 632 2242; x_wconf 81' lang='lat' dir='ltr'><strong>ergo</strong></span> <span class='ocrx_word' id='word_1_128' title='bbox 654 2161 739 2226; x_wconf 87' lang='lat' dir='ltr'><strong>iutra</strong></span> <span class='ocrx_word' id='word_1_129' title='bbox 761 2159 890 2226; x_wconf 90' lang='lat' dir='ltr'><strong>tertium</strong></span> <span class='ocrx_word' id='word_1_130' title='bbox 912 2159 1009 2236; x_wconf 88' lang='lat' dir='ltr'><strong>diem,</strong></span> <span class='ocrx_word' id='word_1_131' title='bbox 1032 2159 1117 2225; x_wconf 87' lang='lat' dir='ltr'><strong>intra</strong></span> <span class='ocrx_word' id='word_1_132' title='bbox 1138 2177 1230 2241; x_wconf 90' lang='lat' dir='ltr'><strong>quem</strong></span> 
     </span>
     <span class='ocr_line' id='line_1_16' title="bbox 108 2275 1281 2362; baseline 0.002 -22"><span class='ocrx_word' id='word_1_133' title='bbox 108 2276 229 2343; x_wconf 86' lang='lat' dir='ltr'><strong>reuerti</strong></span> <span class='ocrx_word' id='word_1_134' title='bbox 243 2275 336 2343; x_wconf 82' lang='lat' dir='ltr'><strong>solita</strong></span> <span class='ocrx_word' id='word_1_135' title='bbox 349 2277 419 2356; x_wconf 87' lang='lat' dir='ltr'><strong>fuit,</strong></span> <span class='ocrx_word' id='word_1_136' title='bbox 442 2279 484 2345; x_wconf 87' lang='lat' dir='ltr'><strong>ab</strong></span> <span class='ocrx_word' id='word_1_137' title='bbox 505 2279 611 2361; x_wconf 86' lang='lat' dir='ltr'><strong>aliquo</strong></span> <span class='ocrx_word' id='word_1_138' title='bbox 633 2285 724 2362; x_wconf 87' lang='lat' dir='ltr'><strong>capte</strong></span> <span class='ocrx_word' id='word_1_139' title='bbox 746 2287 805 2359; x_wconf 90' lang='lat' dir='ltr'><strong>est,</strong></span> <span class='ocrx_word' id='word_1_140' title='bbox 828 2284 938 2361; x_wconf 86' lang='lat' dir='ltr'><strong>utpote</strong></span> <span class='ocrx_word' id='word_1_141' title='bbox 960 2279 1043 2345; x_wconf 82' lang='lat' dir='ltr'><strong>circa</strong></span> <span class='ocrx_word' id='word_1_142' title='bbox 1060 2277 1229 2346; x_wconf 90' lang='lat' dir='ltr'><strong>dominium</strong></span> <span class='ocrx_word' id='word_1_143' title='bbox 1251 2292 1281 2342; x_wconf 79' lang='lat'><strong>15</strong></span> 
     </span>
     <span class='ocr_line' id='line_1_17' title="bbox 108 2396 1232 2484; baseline -0.002 -22"><span class='ocrx_word' id='word_1_144' title='bbox 108 2396 230 2478; x_wconf 89' lang='lat' dir='ltr'><strong>laesus,</strong></span> <span class='ocrx_word' id='word_1_145' title='bbox 254 2396 406 2464; x_wconf 75' lang='lat' dir='ltr'><strong>actionem</strong></span> <span class='ocrx_word' id='word_1_146' title='bbox 429 2397 462 2464; x_wconf 95' lang='lat' dir='ltr'><strong>in</strong></span> <span class='ocrx_word' id='word_1_147' title='bbox 485 2417 551 2464; x_wconf 87' lang='lat' dir='ltr'><strong>rem</strong></span> <span class='ocrx_word' id='word_1_148' title='bbox 573 2400 726 2466; x_wconf 89' lang='lat' dir='ltr'><strong>aduersus</strong></span> <span class='ocrx_word' id='word_1_149' title='bbox 742 2418 813 2466; x_wconf 91' lang='lat' dir='ltr'><strong>eum</strong></span> <span class='ocrx_word' id='word_1_150' title='bbox 829 2399 968 2480; x_wconf 87' lang='lat' dir='ltr'><strong>habebo;</strong></span> <span class='ocrx_word' id='word_1_151' title='bbox 992 2397 1103 2484; x_wconf 89' lang='lat' dir='ltr'><strong>quodsi</strong></span> <span class='ocrx_word' id='word_1_152' title='bbox 1117 2403 1232 2477; x_wconf 86' lang='lat' dir='ltr'><strong>quarta</strong></span> 
     </span>
     <span class='ocr_line' id='line_1_18' title="bbox 109 2515 1232 2600; baseline -0.001 -18"><span class='ocrx_word' id='word_1_153' title='bbox 109 2517 159 2584; x_wconf 91' lang='lat' dir='ltr'><strong>die</strong></span> <span class='ocrx_word' id='word_1_154' title='bbox 182 2535 254 2584; x_wconf 82' lang='lat' dir='ltr'><strong>eam</strong></span> <span class='ocrx_word' id='word_1_155' title='bbox 277 2517 346 2600; x_wconf 85' lang='lat' dir='ltr'><strong>quis</strong></span> <span class='ocrx_word' id='word_1_156' title='bbox 369 2518 496 2600; x_wconf 83' lang='lat' dir='ltr'><strong>ceperit,</strong></span> <span class='ocrx_word' id='word_1_157' title='bbox 519 2516 636 2584; x_wconf 88' lang='lat' dir='ltr'><strong>nullam</strong></span> <span class='ocrx_word' id='word_1_158' title='bbox 657 2519 690 2584; x_wconf 94' lang='lat' dir='ltr'><strong>in</strong></span> <span class='ocrx_word' id='word_1_159' title='bbox 712 2538 783 2585; x_wconf 93' lang='lat' dir='ltr'><strong>eum</strong></span> <span class='ocrx_word' id='word_1_160' title='bbox 806 2518 961 2585; x_wconf 87' lang='lat' dir='ltr'><strong>actionem</strong></span> <span class='ocrx_word' id='word_1_161' title='bbox 989 2515 1157 2595; x_wconf 83' lang='lat' dir='ltr'><strong>exerceb03</strong></span> <span class='ocrx_word' id='word_1_162' title='bbox 1179 2533 1232 2598; x_wconf 87' lang='lat' dir='ltr'><strong>pa·</strong></span> 
     </span>
     <span class='ocr_line' id='line_1_19' title="bbox 110 2621 1293 2716; baseline -0.001 -13"><span class='ocrx_word' id='word_1_163' title='bbox 110 2641 155 2703; x_wconf 89' lang='lat' dir='ltr'><strong>tet</strong></span> <span class='ocrx_word' id='word_1_164' title='bbox 177 2636 271 2716; x_wconf 89' lang='lat' dir='ltr'><strong>enim,</strong></span> <span class='ocrx_word' id='word_1_165' title='bbox 291 2654 362 2702; x_wconf 89' lang='lat' dir='ltr'><strong>eum</strong></span> <span class='ocrx_word' id='word_1_166' title='bbox 377 2637 556 2704; x_wconf 86' lang='lat' dir='ltr'><strong>reuertendi</strong></span> <span class='ocrx_word' id='word_1_167' title='bbox 572 2638 828 2704; x_wconf 88' lang='lat' dir='ltr'><strong>consuetudinem</strong></span> <span class='ocrx_word' id='word_1_168' title='bbox 843 2656 905 2705; x_wconf 89' lang='lat' dir='ltr'><strong>non</strong></span> <span class='ocrx_word' id='word_1_169' title='bbox 920 2634 1106 2714; x_wconf 81' lang='lat' dir='ltr'><strong>seruauerit,</strong></span> <span class='ocrx_word' id='word_1_170' title='bbox 1128 2653 1232 2702; x_wconf 91' lang='lat' dir='ltr'><strong>meum</strong></span> <span class='ocrx_word' id='word_1_171' title='bbox 1291 2621 1293 2626; x_wconf 64' lang='grc'><strong>’</strong></span> 
     </span>
     <span class='ocr_line' id='line_1_20' title="bbox 68 2754 1232 2837; baseline 0.005 -23"><span class='ocrx_word' id='word_1_172' title='bbox 68 2764 103 2815; x_wconf 83' lang='lat' dir='ltr'><strong>ro.</strong></span> <span class='ocrx_word' id='word_1_173' title='bbox 111 2755 271 2837; x_wconf 89' lang='lat' dir='ltr'><strong>spreuisse</strong></span> <span class='ocrx_word' id='word_1_174' title='bbox 297 2754 478 2822; x_wconf 90' lang='lat' dir='ltr'><strong>dominium.</strong></span> <span class='ocrx_word' id='word_1_175' title='bbox 530 2756 580 2818; x_wconf 88' lang='grc'><strong>16.</strong></span> <span class='ocrx_word' id='word_1_176' title='bbox 618 2755 812 2822; x_wconf 87' lang='lat' dir='ltr'><strong>Gallinarum</strong></span> <span class='ocrx_word' id='word_1_177' title='bbox 848 2754 1091 2822; x_wconf 84' lang='lat' dir='ltr'><strong>domesticarum</strong></span> <span class='ocrx_word' id='word_1_178' title='bbox 1118 2761 1150 2821; x_wconf 90' lang='lat' dir='ltr'><strong>et</strong></span> <span class='ocrx_word' id='word_1_179' title='bbox 1178 2773 1232 2820; x_wconf 84' lang='lat' dir='ltr'><strong>an·</strong></span> 
     </span>
     <span class='ocr_line' id='line_1_21' title="bbox 111 2873 1284 2958; baseline 0.005 -18"><span class='ocrx_word' id='word_1_180' title='bbox 111 2892 217 2942; x_wconf 90' lang='lat' dir='ltr'><strong>serum</strong></span> <span class='ocrx_word' id='word_1_181' title='bbox 239 2892 301 2940; x_wconf 94' lang='lat' dir='ltr'><strong>non</strong></span> <span class='ocrx_word' id='word_1_182' title='bbox 324 2881 374 2940; x_wconf 91' lang='lat' dir='ltr'><strong>est</strong></span> <span class='ocrx_word' id='word_1_183' title='bbox 394 2881 508 2952; x_wconf 76' lang='lat' dir='ltr'><strong>natura</strong></span> <span class='ocrx_word' id='word_1_184' title='bbox 529 2873 604 2955; x_wconf 79' lang='lat' dir='ltr'><strong>lere,</strong></span> <span class='ocrx_word' id='word_1_185' title='bbox 626 2874 720 2958; x_wconf 88' lang='lat' dir='ltr'><strong>idque</strong></span> <span class='ocrx_word' id='word_1_186' title='bbox 743 2893 781 2940; x_wconf 86' lang='lat' dir='ltr'><strong>ex</strong></span> <span class='ocrx_word' id='word_1_187' title='bbox 804 2893 841 2942; x_wconf 93' lang='lat' dir='ltr'><strong>eo</strong></span> <span class='ocrx_word' id='word_1_188' title='bbox 862 2873 1001 2956; x_wconf 78' lang='lat' dir='ltr'><strong>intellegi</strong></span> <span class='ocrx_word' id='word_1_189' title='bbox 1022 2879 1126 2956; x_wconf 89' lang='lat' dir='ltr'><strong>potest</strong></span> <span class='ocrx_word' id='word_1_190' title='bbox 1148 2875 1232 2954; x_wconf 85' lang='lat' dir='ltr'><strong>quod</strong></span> <span class='ocrx_word' id='word_1_191' title='bbox 1250 2894 1284 2946; x_wconf 81' lang='lat' dir='ltr'><strong>ao</strong></span> 
     </span>
     <span class='ocr_line' id='line_1_22' title="bbox 111 2989 1232 3080; baseline -0.005 -19"><span class='ocrx_word' id='word_1_192' title='bbox 111 2994 191 3062; x_wconf 87' lang='lat' dir='ltr'><strong>aliae</strong></span> <span class='ocrx_word' id='word_1_193' title='bbox 214 3000 289 3061; x_wconf 85' lang='lat' dir='ltr'><strong>sunt</strong></span> <span class='ocrx_word' id='word_1_194' title='bbox 308 2994 444 3076; x_wconf 82' lang='lat' dir='ltr'><strong>gallinae</strong></span> <span class='ocrx_word' id='word_1_195' title='bbox 466 3012 543 3076; x_wconf 85' lang='lat' dir='ltr'><strong>quas</strong></span> <span class='ocrx_word' id='word_1_196' title='bbox 564 2993 647 3061; x_wconf 82' lang='lat' dir='ltr'><strong>ieras</strong></span> <span class='ocrx_word' id='word_1_197' title='bbox 669 3013 828 3070; x_wconf 82' lang='lat' dir='ltr'><strong>uocamus,</strong></span> <span class='ocrx_word' id='word_1_198' title='bbox 850 3013 963 3077; x_wconf 76' lang='lat' dir='ltr'><strong>graece</strong></span> <span class='ocrx_word' id='word_1_199' title='bbox 984 2993 1077 3080; x_wconf 70' lang='grc' dir='ltr'><em>ἄγρια</em></span> <span class='ocrx_word' id='word_1_200' title='bbox 1099 2989 1232 3079; x_wconf 75' lang='grc' dir='ltr'><em>ὀρνίθια,</em></span> 
     </span>
     <span class='ocr_line' id='line_1_23' title="bbox 113 3112 1340 3198; baseline -0.005 -18"><span class='ocrx_word' id='word_1_201' title='bbox 113 3121 145 3180; x_wconf 89' lang='lat' dir='ltr'><strong>et</strong></span> <span class='ocrx_word' id='word_1_202' title='bbox 166 3115 220 3180; x_wconf 93' lang='lat' dir='ltr'><strong>alii</strong></span> <span class='ocrx_word' id='word_1_203' title='bbox 242 3131 371 3180; x_wconf 89' lang='lat' dir='ltr'><strong>anseres</strong></span> <span class='ocrx_word' id='word_1_204' title='bbox 392 3129 471 3194; x_wconf 90' lang='lat' dir='ltr'><strong>quos</strong></span> <span class='ocrx_word' id='word_1_205' title='bbox 492 3112 575 3181; x_wconf 88' lang='lat' dir='ltr'><strong>ieros</strong></span> <span class='ocrx_word' id='word_1_206' title='bbox 597 3131 757 3190; x_wconf 80' lang='lat' dir='ltr'><strong>uocemue,</strong></span> <span class='ocrx_word' id='word_1_207' title='bbox 778 3114 833 3196; x_wconf 86' lang='lat' dir='ltr'><strong>qui</strong></span> <span class='ocrx_word' id='word_1_208' title='bbox 855 3115 987 3183; x_wconf 86' lang='lat' dir='ltr'><strong>audiunt</strong></span> <span class='ocrx_word' id='word_1_209' title='bbox 1001 3131 1113 3198; x_wconf 80' lang='lat' dir='ltr'><strong>graece</strong></span> <span class='ocrx_word' id='word_1_210' title='bbox 1128 3114 1233 3198; x_wconf 62' lang='lat' dir='ltr'><strong>drpao·</strong></span> <span class='ocrx_word' id='word_1_211' title='bbox 1338 3123 1340 3130; x_wconf 88' lang='lat'>·</span> 
     </span>
     <span class='ocr_line' id='line_1_24' title="bbox 110 3233 1232 3320; baseline 0.004 -26"><span class='ocrx_word' id='word_1_212' title='bbox 110 3234 254 3320; x_wconf 73' lang='grc' dir='ltr'><strong>χηνάρια.</strong></span> <span class='ocrx_word' id='word_1_213' title='bbox 302 3233 436 3316; x_wconf 86' lang='lat' dir='ltr'><strong>ideoque</strong></span> <span class='ocrx_word' id='word_1_214' title='bbox 466 3235 493 3300; x_wconf 90' lang='lat' dir='ltr'><strong>si</strong></span> <span class='ocrx_word' id='word_1_215' title='bbox 520 3251 647 3301; x_wconf 87' lang='lat' dir='ltr'><strong>anseres</strong></span> <span class='ocrx_word' id='word_1_216' title='bbox 675 3236 722 3301; x_wconf 89' lang='lat' dir='ltr'><strong>tui</strong></span> <span class='ocrx_word' id='word_1_217' title='bbox 749 3236 801 3303; x_wconf 90' lang='lat' dir='ltr'><strong>uel</strong></span> <span class='ocrx_word' id='word_1_218' title='bbox 830 3242 904 3302; x_wconf 82' lang='lat' dir='ltr'><strong>tuae</strong></span> <span class='ocrx_word' id='word_1_219' title='bbox 937 3235 1070 3319; x_wconf 85' lang='lat' dir='ltr'><strong>gallinae</strong></span> <span class='ocrx_word' id='word_1_220' title='bbox 1097 3233 1232 3317; x_wconf 88' lang='lat' dir='ltr'><strong>quodam</strong></span> 
     </span>
     <span class='ocr_line' id='line_1_25' title="bbox 101 3352 1234 3440; baseline -0.001 -24"><span class='ocrx_word' id='word_1_221' title='bbox 101 3369 190 3418; x_wconf 72' lang='lat' dir='ltr'><strong>,casn</strong></span> <span class='ocrx_word' id='word_1_222' title='bbox 211 3353 330 3420; x_wconf 90' lang='lat' dir='ltr'><strong>turbati</strong></span> <span class='ocrx_word' id='word_1_223' title='bbox 360 3353 564 3434; x_wconf 85' lang='lat' dir='ltr'><strong>euolauerint,</strong></span> <span class='ocrx_word' id='word_1_224' title='bbox 586 3359 739 3436; x_wconf 91' lang='lat' dir='ltr'><strong>tuumque</strong></span> <span class='ocrx_word' id='word_1_225' title='bbox 761 3363 960 3440; x_wconf 85' lang='lat' dir='ltr'><strong>conspectum</strong></span> <span class='ocrx_word' id='word_1_226' title='bbox 976 3352 1142 3436; x_wconf 81' lang='lat' dir='ltr'><strong>effugerint</strong></span> <span class='ocrx_word' id='word_1_227' title='bbox 1157 3368 1234 3433; x_wconf 86' lang='lat' dir='ltr'><strong>quo·</strong></span> 
     </span>
    </p>
   </div>
   <div class='ocr_carea' id='block_1_3' title="bbox 0 0 1500 4884">
    <p class='ocr_par' dir='ltr' id='par_1_3' title="bbox 0 0 1500 4884">
     <span class='ocr_line' id='line_1_26' title="bbox 0 0 1500 4884; baseline 0 0"><span class='ocrx_word' id='word_1_228' title='bbox 0 0 1500 4884; x_wconf 95' lang='lat' dir='ltr'><strong> </strong></span> 
     </span>
    </p>
   </div>
  </div>
 </body>
</html>
