3078 4882
591 401 821 464 -176-

348 719 395 787 De
419 721 587 788 heredibus
610 723 818 788 instituendis.
864 723 988 789 Titulus
1014 725 1062 787 14.

226 907 306 974 Cum
330 909 370 974 de
391 909 591 975 institutione
606 917 638 975 et
658 910 900 977 exheredatione
922 911 1091 978 liberorum
1113 917 1269 978 tunctune·

138 1027 254 1105 rimuS,
281 1027 446 1093 dicendum
476 1033 524 1094 est
547 1029 702 1110 quomodo
732 1038 854 1095 ceteras
882 1047 1034 1112 personas
1061 1031 1193 1096 heredes
1222 1033 1268 1096 in-

137 1147 270 1213 stituere
298 1165 472 1229 possumus.
525 1147 690 1214 instituere
723 1157 828 1215 autem
859 1167 1024 1232 possumus
1055 1157 1118 1214 tem
1152 1151 1266 1215 liberos

136 1283 288 1346 personas
310 1284 405 1348 quem
427 1284 547 1346 seruos,
576 1285 747 1348 seruosque
771 1274 894 1336 nostros
917 1275 949 1335 et
970 1267 1097 1334 elienos.
1142 1276 1191 1334 set
1213 1287 1267 1335 no-

135 1390 220 1451 stros
242 1385 369 1467 quidem
391 1403 501 1452 seruos
523 1386 596 1451 olim
619 1389 789 1454 secundum
812 1389 948 1471 plurium
972 1389 1173 1470 prudentium
1196 1406 1266 1455 sen·
1300 1377 1317 1428 ⁵

136 1505 267 1569 tentiam
291 1517 351 1570 non
376 1504 469 1571 aliter
491 1524 584 1588 quam
608 1525 680 1572 cum
702 1506 850 1574 libertate
871 1508 1038 1574 instituere
1060 1508 1184 1574 licebat.
1212 1507 1265 1574 he·

135 1624 186 1688 die
208 1630 315 1689 eutem
338 1626 433 1690 etium
456 1625 525 1690 sine
548 1625 694 1690 libertate
716 1627 801 1692 serui
831 1626 988 1692 institutio
1019 1625 1104 1692 uolet
1132 1645 1170 1694 ox
1193 1644 1263 1693 con·

134 1717 301 1809 stitutione
322 1744 470 1825 principis
494 1745 604 1822 nostri,
628 1763 708 1825 quae
731 1753 763 1810 et
785 1747 852 1810 sine
875 1746 1021 1812 libertate
1051 1746 1185 1827 scriptos
1209 1765 1262 1813 eos

133 1863 243 1942 procul
264 1855 487 1943 impedimento
510 1865 550 1929 ed
574 1865 780 1931 hereditatem
804 1873 905 1932 uocet.
943 1867 1002 1932 hoc
1025 1883 1100 1931 uero
1123 1879 1184 1931 non
1207 1883 1263 1948 per

132 1981 367 2049 innonationem
398 1983 555 2066 quendem
590 1986 657 2049 eius
691 1984 814 2050 induxit
841 1984 1024 2051 constitutio
1052 1993 1100 2050 set
1128 1985 1262 2067 pruden·
1284 1985 1314 2037 ¹⁰

132 2100 210 2164 tium
234 2102 379 2183 amplexu
399 2104 595 2169 sententium.
646 2104 811 2171 Atilicinus
839 2107 921 2170 enim
944 2103 1184 2172 iurisconsultus
1207 2124 1261 2187 pu-

130 2221 214 2284 tsuit
237 2225 268 2285 et
296 2222 363 2286 sine
390 2222 536 2288 libertate
567 2224 651 2288 serui
678 2225 910 2290 institutionem
938 2230 1024 2290 recte
1052 2223 1136 2302 fieri,
1168 2225 1260 2291 sicuti

130 2337 228 2404 refert
250 2338 366 2404 Paulus
389 2341 441 2406 uir
463 2342 662 2408 doctissimus
683 2361 755 2408 cum
777 2341 809 2407 in
831 2342 921 2409 libris
943 2344 1009 2409 suis
1029 2343 1069 2408 ed
1086 2341 1259 2408 Massurium

129 2454 295 2534 scurnum,
330 2468 396 2524 tum
431 2461 462 2525 in
495 2457 558 2526 illis
591 2479 670 2542 quos
704 2464 744 2526 ed
779 2462 933 2528 Plautium
968 2462 1101 2543 scripsit.
1153 2445 1259 2526 noster

129 2581 236 2641 autem
267 2594 379 2643 seruus
411 2580 504 2646 etiem
534 2579 562 2645 is
589 2579 800 2662 intellegitur,
829 2583 918 2646 cuins
948 2579 1177 2646 usumfructum
1204 2577 1259 2644 elii
1280 2583 1309 2634 15

128 2697 342 2763 concessimus
366 2704 398 2763 et
426 2697 458 2765 in
486 2717 548 2780 qun
577 2702 692 2766 nudem
721 2700 892 2767 retinemus
922 2700 1156 2782 proprietatem.
1209 2704 1258 2765 est

127 2821 235 2880 autem
258 2834 350 2882 cesus
373 2818 500 2898 quidem
523 2819 704 2902 singularis,
728 2821 759 2884 in
783 2839 845 2902 quo
867 2839 924 2887 nec
946 2838 1016 2886 cum
1032 2819 1178 2886 libertate
1193 2837 1257 2885 ser-

127 2953 202 3000 uum
227 2953 318 3000 soum
341 2935 462 3002 utiliter
484 2915 554 3020 quis
576 2937 697 3017 scribit,
719 2938 815 3020 idque
837 2939 1016 3006 continetur
1033 2939 1257 3004 constitutione

126 3054 274 3120 diuorum
297 3055 408 3122 senen
436 3061 467 3122 et
495 3055 662 3132 Antonini,
692 3073 773 3138 queo
802 3058 954 3124 eiusmodi
983 3075 1091 3124 cesum
1119 3056 1256 3136 respicit.

126 3185 211 3240 reum
235 3175 307 3256 quis
329 3173 443 3242 liliam
467 3171 585 3242 lecerat
607 3176 714 3244 dicens
736 3192 804 3243 eam
827 3195 846 3243 e
873 3177 999 3260 proprio
1022 3193 1117 3242 seruo
1136 3173 1256 3238 adulto
1273 3184 1308 3235 20

124 3293 206 3358 mum
229 3301 354 3374 passum
377 3309 456 3360 esse.
501 3296 639 3362 nondum
662 3297 806 3362 absoluto
836 3295 969 3374 iudicio,
999 3293 1082 3360 Titio
1110 3291 1164 3358 illu
1190 3299 1255 3356 mo·

125 3413 213 3478 riens
242 3405 438 3494 praedictum
462 3411 603 3481 Stichum
640 3433 709 3481 cum
744 3416 892 3481 libertate
924 3415 1072 3480 heredem
1105 3409 1253 3477 instituit.

178 4297 280 4345 Theoph·
295 4296 408 4338 Antecess-
421 4310 464 4338 rec·
479 4296 568 4338 Fertini.
