3096 4890
623 378 836 440 ..11-

163 561 293 626 taudem
312 577 481 645 persuasos
502 560 542 627 ad
563 562 732 628 amicitiam
754 561 909 646 perduxit.
931 579 1002 628 cum
1024 558 1121 641 igitur
1141 557 1174 622 in
1195 574 1293 623 unum

163 679 338 760 uenissent,
359 682 448 764 plebs
469 681 596 764 quidem
619 681 745 750 uolebat
765 701 804 749 ea
824 699 907 764 quae
928 682 997 764 ipsa
1018 677 1233 746 constituisset
1260 676 1293 741 in

163 799 317 883 patricios
338 821 464 886 quoque
485 805 637 884 optinere,
658 805 788 887 petebat
809 810 915 870 autem
944 808 1072 868 senatus
1099 806 1136 866 ut
1164 802 1293 864 senatus

165 924 311 989 consulta
331 923 365 989 in
387 922 509 1007 plebem
535 941 661 1006 quoque
688 923 752 988 uim
778 922 940 989 haberent.
996 937 1129 1001 eumque
1157 917 1292 985 inuicem

166 1042 423 1121 adamaremus,
456 1049 489 1108 et
520 1049 650 1108 senatus
671 1040 798 1125 quidem
819 1039 904 1123 plebi
926 1039 1007 1106 suita
1021 1057 1190 1122 agnoscere
1206 1036 1290 1104 dedi·
1326 1031 1344 1083 ⁶

165 1169 328 1244 gnaretur,
342 1160 432 1247 plebs
442 1169 548 1230 autem
563 1162 595 1228 id
609 1181 704 1244 aegre
718 1161 839 1229 ferrens
860 1168 989 1228 senatus
1011 1160 1162 1228 consultis
1184 1179 1219 1226 se
1240 1179 1292 1226 su·

166 1281 273 1348 bieere
291 1276 399 1362 nollet,
421 1280 595 1350 discordiae
611 1290 796 1350 renouatum
811 1281 853 1348 iri
867 1283 1066 1359 uidebantur,
1089 1278 1188 1346 donee
1208 1278 1293 1344 idem

166 1401 372 1477 Hortensius,
398 1419 508 1468 eorum
535 1403 647 1470 sedata
674 1401 878 1478 dissensione,
908 1420 962 1469 eos
989 1400 1147 1484 persuasit
1175 1399 1292 1465 alteros

166 1525 340 1590 alterorum
360 1523 434 1588 iura
454 1523 595 1604 accipere
617 1521 719 1603 iisque
740 1541 774 1589 se
796 1523 991 1588 submittere.
1036 1527 1069 1586 et
1095 1520 1140 1584 itu
1165 1517 1291 1599 quidem

167 1644 319 1728 nequibat
330 1643 380 1710 lex
391 1643 540 1728 appellari
556 1642 641 1727 quod
656 1644 696 1709 ab
711 1642 865 1708 alterutra
875 1647 966 1724 parte
981 1647 1065 1707 esset
1078 1639 1293 1716 constitutum,
1313 1635 1346 1685 ¹⁰

167 1787 239 1834 oum
261 1768 427 1848 utriusque
448 1766 549 1850 partis
570 1785 724 1834 consensu
746 1785 808 1832 non
830 1771 914 1831 esset
940 1765 980 1830 ab
1001 1763 1091 1830 initio
1113 1762 1292 1829 eonditum:

168 1908 239 1956 eum
254 1907 331 1955 uero
347 1887 480 1954 eundem
494 1887 664 1953 sortiretur
677 1885 830 1962 effectum,
846 1891 883 1951 ut
897 1882 1017 1950 scilicet
1031 1883 1062 1948 in
1085 1900 1193 1948 omues
1215 1883 1293 1965 opti·

168 2016 267 2086 neret,
290 2008 368 2089 legis
390 2007 531 2072 ordinem
552 2007 669 2071 habere
691 2006 809 2071 dictum
832 2012 891 2070 est.
924 2011 1034 2087 postea
1055 2022 1132 2069 uero
1154 2022 1224 2070 eum
1239 2022 1293 2084 po·

167 2127 262 2210 pulns
281 2144 429 2193 romanus
451 2127 483 2192 in
505 2145 649 2208 magnam
666 2124 895 2190 multitudinem
918 2131 1044 2190 auctum
1067 2130 1160 2202 esset,
1182 2129 1219 2188 ut
1234 2120 1294 2186 dii·

167 2245 249 2313 ficile
271 2252 355 2312 esset
377 2265 448 2311 enm
469 2247 501 2311 in
524 2265 620 2311 unum
642 2243 743 2310 locum
765 2243 940 2320 conuocari,
963 2259 1097 2325 aequum
1119 2247 1168 2307 est
1189 2242 1292 2307 uisum
1313 2240 1345 2293 15

126 2381 152 2432 s.
169 2368 239 2434 uice
262 2365 402 2432 uniuersi
424 2366 532 2449 populi
553 2372 696 2432 senatum
719 2363 818 2431 solnm
841 2362 913 2429 iura
934 2362 1077 2429 condere.
1116 2363 1145 2426 6.
1168 2359 1216 2426 De
1238 2362 1294 2426 tri·

167 2489 228 2554 bus
260 2489 358 2555 locuti
396 2507 506 2554 sumus
543 2488 649 2570 legum
681 2485 857 2565 latoribus,
891 2484 1007 2568 populo
1038 2486 1129 2568 plebe
1169 2491 1291 2549 senatu.

168 2628 302 2692 eumque
330 2608 471 2692 singulos
493 2606 722 2685 definierimus,
749 2607 1051 2690 appellationemque
1079 2606 1156 2671 iuris
1184 2625 1204 2672 a
1230 2605 1294 2671 sin·

167 2728 250 2809 gulis
272 2729 433 2794 constituti
455 2726 682 2805 addiderimus,
706 2726 745 2793 de
766 2735 880 2809 quarto
902 2728 1006 2808 legum
1028 2727 1128 2794 latore
1150 2725 1293 2808 dispicia-

167 2865 247 2912 mus.
292 2856 424 2928 quartus
445 2844 550 2929 legum
573 2847 656 2912 lator
676 2847 761 2927 apud
782 2848 938 2912 Romanos
960 2856 1009 2913 est
1029 2848 1188 2929 Princeps.
1215 2846 1292 2930 quid
1310 2852 1345 2904 20

168 2974 217 3033 est
238 2967 407 3052 princeps?
435 2970 579 3050 princeps
609 2973 658 3033 est
686 2968 740 3049 qui
767 2966 934 3050 imperium
963 2986 982 3032 a
1011 2965 1126 3050 populo
1155 2966 1292 3051 aceepit3

167 3088 254 3169 qnod
276 3107 353 3154 uero
373 3088 441 3170 ips'e
463 3088 564 3153 sancit
585 3087 724 3170 generali
745 3084 955 3169 appellatione
970 3088 1084 3154 dieitur
1098 3085 1291 3165 constitutio,

168 3207 326 3274 diuiditur
345 3216 451 3273 autem
474 3207 599 3287 iniria,
622 3208 653 3272 in
676 3206 855 3287 epistulam,
884 3209 914 3272 in
945 3208 1097 3288 edictum,
1126 3209 1158 3274 in
1187 3208 1292 3272 deere-

167 3337 246 3395 tum.
290 3329 419 3410 etquid
441 3336 490 3394 est
511 3327 668 3411 epistula?
688 3329 875 3409 rescriptum
898 3327 1047 3409 principis
1069 3327 1110 3392 ad
1129 3326 1292 3409 magistra·
