3096 4890
697 383 909 445 ..12-

247 567 398 657 ἀρχοντος
413 569 578 656 ἀναφορὰν
602 569 675 652 περί
688 590 769 643 τινος
792 567 969 656 ἀμφιβόλου
986 572 1199 656 πράγματοςῑ)
1215 574 1368 658 γινομένη.

248 671 314 736 οἷον
338 671 454 758 συνέβη
475 673 557 737 κατά
577 697 643 737 τινα
666 671 815 759 ἐπαρχίαν
839 673 1079 760 τελευτῆσαντός
1099 676 1195 753 τινός,
1218 675 1276 743 δύο
1300 686 1370 759 περ)

248 779 302 861 τῆς
324 774 440 838 ἐκείνου
463 775 668 862 κληρονομίας
691 776 912 862 ἀμφισβητεῖν,
937 776 1074 860 ἀδελφόν
1095 779 1144 841 καί
1167 778 1262 845 θεῖον.
1301 777 1370 846 τοιί·

247 877 336 960 τουλ)
359 878 507 961 έκοίτερος
529 877 764 966 ῆξίουμόνοςλ)
789 879 840 940 τὸν
861 879 974 963 κλῆρον
1002 879 1182 963 λαμβάνειν,
1204 883 1222 944 ό
1243 882 1299 965 μὲν
1324 883 1370 956 ὡς

213 980 399 1066 5ἀὸελφὸς,
429 980 446 1042 ό
474 979 510 1043 ἀὲ
532 981 576 1055 ὡς
600 981 695 1054 θεῖος.
741 980 867 1064 νόμουέ)
894 981 938 1066 μῆ
968 982 1141 1066 κειμένουῦ)
1172 984 1286 1070 ταύτην
1323 985 1368 1048 τέ·

245 1106 378 1167 μνοντος
398 1084 453 1170 τῆν
476 1084 664 1169 ἀμφιβολίαν
688 1084 835 1168 ἀναφορὰ
858 1082 966 1164 γέγονε
989 1087 1101 1170 πρόςθ)
1122 1087 1255 1169 βασιλέα
1285 1088 1368 1169 παρὰ

248 1190 302 1251 τοῦ
325 1193 379 1273 τῆς
399 1186 550 1275 ἐπαρχίας
571 1187 731 1274 ἄρχοντος.
760 1186 912 1268 ἀναγνοὺς
937 1190 969 1250 τι)
993 1188 1159 1276 ἀνενεχθὲν
1181 1192 1199 1253 ό
1220 1189 1368 1270 βασιλεὺς

248 1289 426 1375 ἀντέγραφε
446 1292 499 1353 τὸν
522 1290 660 1375 ἀδελφὸν
683 1292 736 1352 τοῦ
745 1290 771 1373 1)
793 1290 1035 1376 τελευτησαντος
1057 1292 1293 1380 προτιμηθῆναι.
1323 1316 1368 1356 νο·

245 1393 379 1477 μοθετεῖ
400 1394 450 1457 καί
478 1393 511 1456 έν
538 1390 675 1476 decret...
703 1394 721 1455 ό
749 1391 907 1475 βασιλεύς.
952 1393 1011 1458 Καὶ
1042 1393 1072 1457 τί
1103 1395 1167 1459 ἐστι
1200 1394 1367 1474 decretom

198 1495 231 1545 10
248 1496 406 1581 ἀπόφασις
426 1496 584 1579 βασιλέως
604 1494 756 1580 μεταξόῧ)
781 1494 837 1560 δύο
859 1500 968 1580 μερῶν
992 1495 1068 1580 παρ’
1099 1497 1188 1583 αὐτῷ
1209 1497 1368 1582 δικαζομέ-

248 1625 308 1663 νιον
331 1598 536 1685 ἐκφερομένη.
581 1598 644 1662 οἷον
667 1598 715 1660 ἐπὶ
737 1601 789 1661 τοῦ
813 1597 909 1661 αὐτοῦ
932 1598 1082 1678 θέματος,
1124 1599 1181 1663 ἀόο
1206 1601 1284 1677 τινὲς
1305 1600 1369 1683 έφι-

247 1705 400 1767 λυνείκουν
424 1703 494 1787 περὶ
514 1701 722 1786 κληρονομίας
743 1701 985 1788 τελευτῆσαντός
1006 1723 1106 1782 τινος,
1130 1702 1269 1784 ἀδελφός
1290 1726 1369 1789 φημι

246 1807 295 1869 καί
316 1806 403 1878 θεῖος
425 1808 479 1870 τοῦ
500 1804 749 1892 κατυιχομένουθ)
773 1806 844 1888 περὶ
866 1808 919 1867 τοῦ
941 1803 1008 1868 τίνα
1031 1804 1081 1868 δεῖ
1109 1804 1151 1878 ελς
1180 1807 1233 1890 τῆν
1263 1806 1367 1890 κλῆσιν

248 1907 472 1992 προτιμηθῆναι
501 1911 556 1972 τοῦ
588 1907 760 1993 κλῆρουω).
784 1908 801 1969 ό
822 1907 1017 1990 βασιλεὺςῐῑ)
1041 1908 1231 1994 ἀμφοτέραιν
1254 1907 1369 1989 ἀκροα-

199 2021 230 2072 15
248 2013 382 2094 σόμενος
404 2012 587 2096 ἀπεφήνατο
610 2013 662 2074 τὸν
685 2010 823 2092 ἀδελφὸν
854 2010 1091 2096 προτιμηθῆναι.
1135 2013 1184 2074 καί
1206 2013 1296 2076 τοῦτο
1320 2009 1369 2072 νό-

245 2137 307 2199 μος
328 2113 392 2176 ἐστί
412 2113 580 2196 βασιλικός,
604 2112 724 2195 λέγεται
743 2113 779 2176 ἀὲ
802 2110 954 2177 decreton
983 2113 1069 2196 παρὰ
1092 2115 1125 2174 τι)
1148 2111 1326 2188 decernere,
1351 2104 1370 2176 ό

247 2217 312 2281 ἐστι
323 2215 497 2303 θεωρῆσαι.
511 2215 668 2302 σκοπῆσας
678 2215 739 2301 γὰρ
750 2224 788 2301 τῆ
796 2214 1060 2301 ολκείηθιανοίᾳτά
1070 2215 1268 2298 νομιζόμενον
1280 2211 1369 2298 αὐτῷ

248 2320 362 2384 δίκαιον
385 2317 642 2403 ἀποφαίνεταιῑλ).
671 2318 790 2398 λέγεται
813 2317 894 2398 ἀὲῙθ)
917 2318 1083 2402 όνομύμως
1105 2316 1255 2381 decreton
1280 2316 1368 2402 καίῆ

250 2431 302 2490 τοῦ
330 2424 480 2509 ἄρχοντος
507 2421 677 2507 ἀπόφασις,
709 2420 787 2483 ἀλλά
808 2419 909 2504 τούτῳ
933 2419 1151 2507 διενηνόχασιν,
1176 2420 1222 2481 ότι
1250 2420 1283 2479 τι)
1310 2417 1368 2499 μὲν

197 2530 231 2580 20
250 2529 304 2591 τοῦ
335 2526 491 2608 βασιλεώς
519 2523 670 2590 ιλὲοτθόοι]
700 2525 749 2586 καί
783 2522 879 2610 αότῆν
915 2525 965 2586 καί
999 2524 1092 2609 ἀλλην
1132 2521 1368 2603 τοιουτότροπον

248 2628 457 2715 ότιάῆπυτεῑέ)
481 2627 700 2713 ἀναφυομένην
723 2625 871 2690 ὑπόθεσιν
895 2626 1091 2710 ἐκτέμνειβῧ)
1118 2627 1150 2689 τὸ
1179 2625 1214 2687 ἀὲ
1235 2627 1291 2688 τοῦ
1314 2623 1369 2704 ἀρ-

246 2750 356 2818 χοντος
378 2729 484 2816 αὐτὴν,
508 2729 579 2793 ἐσθ’
601 2732 655 2792 ότε
677 2729 759 2809 ἀὲῑθ)
789 2727 861 2792 οὐθ’
889 2726 987 2816 αάτῆν
1017 2728 1114 2810 7e‚¹⁷)
1144 2729 1198 2789 ἀτε
1226 2725 1370 2812 ἔκιλητος

249 2832 523 2920 παρακολουθῆση.
558 2831 724 2914 νομοθετεῖ
743 2831 780 2894 ἀὲ
800 2831 950 2912 βασιλεὺς
977 2833 1026 2894 καί
1054 2831 1086 2892 έν
1110 2827 1222 2912 edicte}
1230 2827 1276 2909 ¹⁸).
1322 2828 1371 2890 καὶ

248 2933 278 2997 τί
300 2934 381 2998 ἐστιν
404 2933 546 3008 edictvm
566 2939 628 2997 ’πᾶν
650 2935 729 3018 όπερ
752 2933 788 3004 ἐξ
810 2932 925 3008 οἰκείας
941 2931 1070 3016 φόσεως
1086 2931 1218 3017 κινηθείς
1232 2929 1369 3013 όρίση19)

197 3037 266 3099 15ό
288 3036 437 3119 βασιλεὺς
467 3039 545 3117 πρὸς
576 3038 630 3123 τὴν
662 3041 723 3100 τῶν
753 3034 897 3122 ὑπηκόων
926 3033 1068 3107 εὐταξίαν
1097 3035 1145 3097 καί
1173 3031 1368 3095 λυσιτέλειαν.

250 3139 370 3222 λέγεται
402 3139 438 3202 ἀὲ
465 3137 591 3204 ἑᾶὶολου
621 3138 706 3221 παρὰ
735 3139 769 3200 τὸ
792 3136 961 3218 edicerem)
990 3129 1009 3200 ό
1038 3135 1102 3199 ἐστι
1133 3133 1292 3217 προλέγειν
1320 3132 1370 3194 καί

250 3241 508 3327 προαναστέλλειν
532 3242 568 3304 τὰ
590 3239 665 3304 ἐσθ’
688 3241 740 3302 ότε
755 3244 819 3314 τοῖς
835 3239 980 3326 ὑπηκόοις
995 3237 1220 3325 συμβησόμενα
1235 3236 1368 3321 λυπηρά.

251 3344 393 3418 πολλάκις
414 3345 475 3428 γὰρ
503 3341 580 3406 καθ’
607 3343 718 3405 ἑαυτὸν
740 3336 945 3422 έλογίσατυ11)
975 3339 1120 3422 βασιλεὺς
1147 3337 1262 3400 ἄτοπον
1294 3334 1371 3398 εἶναι

317 3567 340 3632 1)
357 3564 522 3633 ἀμφιβολίας
539 3562 707 3631 πραγμάτων
725 3560 754 3615 Ρ,
860 3559 883 3625 1)
901 3560 956 3628 γὰρ
974 3558 1034 3612 add.
1054 3557 1084 3610 F.
1103 3557 1135 3611 R.
1238 3557 1261 3621 ³)
1278 3555 1371 3627 ῆξιού-

248 3669 330 3716 μενος
346 3651 394 3704 Ῑι1.
415 3650 465 3706 m.
568 3651 592 3715 ⁴)
610 3648 640 3700 ἀὲ
657 3646 719 3702 edd.
737 3647 768 3700 F.
787 3645 835 3699 οὖν
854 3645 886 3699 R.
1001 3646 1025 3710 ⁵)
1042 3645 1115 3696 όποκ.
1134 3641 1167 3696 Ε,
1280 3642 1303 3708 6)
1322 3640 1369 3693 τὸν

249 3735 310 3790 add.
328 3735 360 3800 P,
467 3735 533 3802 1)(1.
552 3735 582 3788 Ρ.
696 3733 718 3800 11)
737 3732 762 3786 d.
781 3733 809 3786 P.
912 3732 936 3797 ⁹)
953 3731 1040 3800 ἀπυιχ.
1059 3728 1089 3783 Ρ.
1193 3728 1229 3794 ¹⁰)
1247 3730 1294 3795 τῆς
1312 3725 1370 3788 κλη-

249 3821 379 3892 ρονομίας
400 3820 432 3874 R.
456 3820 495 3880 εἷς
519 3822 568 3889 τῆν
595 3817 771 3888 κληρονομίαν
802 3832 912 3886 προτιμ.
938 3816 967 3869 Ρ.
1133 3815 1169 3879 11)
1193 3812 1242 3866 hl.
1260 3811 1309 3865 L2.
1327 3811 1371 3862 καί

249 3907 309 3972 όβ.
328 3906 359 3961 F.
377 3905 410 3960 R.
513 3906 548 3972 12)
566 3905 724 3973 ἀπεφήνατο
742 3903 772 3958 Ρ.
876 3901 953 3967 13)(1.
973 3900 1001 3954 P.
1083 3899 1211 3967 11)(1.Ρ.
1291 3897 1370 3964 1⁵)d.

250 3994 279 4047 P.
385 3994 423 4061 16)
442 3992 467 4046 d.
485 3993 514 4046 P.
533 3991 565 4045 R.
660 3985 993 4057 ‚¹⁷)d.1.1.1.2.F.R.
1110 3985 1145 4051 1⁸)
1164 3984 1313 4048 νομοθετεῖ
1328 3981 1371 4034 καί

249 4079 278 4145 β.
296 4078 325 4130 ἐν
343 4079 374 4132 Ρ.
392 4097 414 4131 ν.
433 4078 523 4129 δὲκαὶ
541 4077 569 4127 ἐν
590 4075 708 4140 ἐθόβ.
726 4073 759 4128 R.
861 4073 897 4139 19)
915 4072 1002 4140 ὁρίζει
1021 4071 1052 4125 Ρ.
1070 4070 1103 4124 R.
1210 4068 1370 4137 111)ρι“ο.εάἰ·

251 4179 312 4218 cere
330 4163 360 4218 Ρ.
463 4163 498 4227 11)
516 4163 531 4214 ό
548 4161 578 4216 P.
595 4159 628 4217 R.
