3038 4884
715 413 926 476 ...62-

267 594 319 660 έπλ
344 599 397 659 τὸν
420 597 543 660 πάππον
564 598 603 661 τὰ
630 604 688 686 τῆς
715 599 981 686 δπεξουσιότητος.
1033 598 1085 664 έπλ
1112 599 1172 682 γὰρ
1202 599 1291 679 τοῦῑ)
1327 621 1388 661 τοι-

267 696 360 761 ούτου
382 696 519 783 θέματος
540 700 706 788 εἰρήκαμεν
729 703 782 789 τὴν
805 701 889 766 θέσιν
919 707 1014 766 ποιεῖν
1042 703 1081 766 τὰ
1109 704 1206 768 οἰκεῖα
1233 703 1284 764 καὶ
1313 701 1388 763 ὑπε-

267 801 391 873 ξούσιον
425 803 615 885 ἀποτελεῐνί)
649 807 702 868 τὸν
737 806 983 890 λαμβανόμενον,
1035 808 1064 870 9.
1098 803 1208 894 θλύίγέ
1237 827 1282 880 τις
1320 803 1387 867 υἰδν
1407 805 1432 856 ⁹·

267 903 447 975 ὑπεξούσιον
469 905 505 981 ὃς
528 905 590 993 εἶχε
611 909 745 994 γαμετὴν
769 907 933 992 έγκύμονα.
955 911 1009 970 τὸν
1032 909 1095 972 υίδν
1118 907 1261 994 έποίησεν
1278 926 1388 971 eman·

232 1004 394 1088 ficipaton
417 1005 436 1094 ἢ
460 1007 597 1071 δέδωκεν
621 1011 665 1086 είς
688 1009 771 1073 θέσιν
793 1013 840 1095 τῷ
864 1014 989 1096 πάππῳ.
1034 1008 1148 1099 έτέγθη
1176 1011 1256 1094 μετὰ
1286 1012 1388 1074 ταῦτα

266 1103 404 1188 ἔκγονος·
440 1111 580 1196 ζητῶμεν
602 1111 684 1186 τίνος
712 1110 798 1176 ἔσται
827 1113 1009 1188 ύπεξούσιος
1037 1114 1055 1177 ό
1085 1112 1220 1202 τεγθείς,
1250 1113 1387 1196 πότερον

264 1214 321 1276 τού
343 1213 467 1276 πάππου
495 1211 515 1298 ἢ
543 1216 598 1278 τοῦ
628 1214 753 1300 πατρός.
804 1216 852 1278 καὶ
882 1216 1011 1299 λέγομεν
1037 1215 1070 1279 in
1096 1219 1258 1299 potestate
1287 1213 1386 1278 αύτδν

265 1312 404 1394 γίνεσθαι
425 1319 481 1380 τοῦ
501 1317 637 1396 πάππου,
660 1314 769 1402 ἐπειδὴ
793 1317 964 1400 σκοποῦμεν
994 1316 1044 1381 ε’πλ
1073 1321 1136 1380 τῶν
1165 1315 1306 1400 ἐννόμων
1331 1317 1387 1396 γύ-

263 1441 332 1501 μων
364 1419 417 1480 τδν
449 1420 556 1500 καιρὸν
583 1422 640 1505 τῆς
668 1421 861 1502 συλλήψεως.
912 1420 996 1502 ότεί)
1022 1422 1043 1506 ὴ
1073 1420 1219 1506 σύλληψις
1246 1417 1386 1501 ἐγένετο,

217 1529 249 1580 10
265 1520 448 1596 ύπεξυύσιος
470 1519 507 1607 ἦν
529 1521 546 1582 ὁ
569 1523 634 1598 υίδς
655 1523 672 1585 δ
695 1523 805 1587 τοῦτον
828 1521 957 1604 σπείρας
978 1523 1028 1585 καὶ
1049 1522 1175 1597 εἰκότως
1198 1520 1386 1595 ύπεξούσιος

264 1622 377 1703 γίνεται
399 1625 455 1687 τοῦ
478 1625 603 1687 πάππου
624 1627 681 1688 τοῦ
704 1628 840 1708 φυσικοῦ.
892 1623 919 1686 εί
947 1622 982 1687 δὲ
1008 1624 1089 1708 μετὰ
1119 1624 1172 1710 τὴν
1200 1623 1386 1704 emancipa-

264 1725 352 1790 tiona
374 1725 469 1813 ἤγουν
491 1728 545 1814 τὴν
569 1727 728 1792 υἱοθεσίαν
752 1727 918 1814 συλληφθῇ
942 1728 990 1790 καὶ
1011 1726 1118 1815 τεχθῇ,
1139 1729 1177 1814 τῇ
1191 1734 1246 1792 τοῦ
1267 1724 1384 1788 οἰκείου

264 1831 381 1913 πατρὸς
403 1830 497 1917 ἤγουν
519 1835 557 1918 τῇ
578 1827 633 1897 τοῦ
654 1829 749 1896 θετοῦ
771 1829 1115 1912 παπποῦλιποβόλλεται
1137 1827 1384 1913 ύπεξοοσιύτητι.
1414 1841 1417 1848 “

265 1934 313 1997 10.
359 1934 451 2000 Τοῦτο
480 1934 516 1998 δὲ
547 1935 660 1998 εἰδέναι
687 1934 883 2014 κανονικῶςί)
912 1933 1077 2018 ὀφείλομεν
1107 1933 1153 1996 ότι
1179 1935 1197 1995 δ
1225 1931 1291 2005 υἱός
1319 1953 1384 2008 μου
1398 1941 1440 1992 10.

215 2038 246 2088 15
264 2033 446 2111 ύπεξούσιος
479 2034 540 2099 εἴτε
574 2035 701 2120 φυσικός
734 2034 817 2100 ἐστιν
850 2033 911 2097 εἴτε
944 2033 1038 2110 θετὸς
1070 2032 1217 2116 οὐδεμίαν
1244 2033 1384 2118 ἀνάγκην

263 2134 416 2202 ἐπιθεῖναί
434 2160 487 2221 μοι
509 2136 680 2223 δυνήσεται,
703 2137 784 2211 ὥςτε
806 2134 900 2201 αύτδν
923 2140 1047 2223 ποιῆσαι
1069 2133 1301 2217 emancipaton.
1507 2153 1509 2252 η

718 2443 922 2454 -α-..ι--ι-ι-

512 2731 516 2740 ⁸
588 2763 634 2829 De
657 2762 773 2827 tutelis,
781 2765 807 2846 ὅ)
851 2763 973 2827 Titulus
996 2764 1045 2827 13.

347 2915 521 3003 Ελρηκαμεν
543 2918 589 2980 θτι
610 2921 673 2980 τῶν
696 2895 874 2999 ἀνθρώπων
897 2917 995 2998 οἱμὲν
1011 2917 1065 2980 είοὶ
1080 2917 1185 2982 δοῦλοι
1200 2917 1229 2979 οἱ
1244 2915 1277 2979 δ’
1292 2915 1384 2979 ε’λεύ-

261 3017 361 3100 θεροι,
385 3020 516 3082 καὶτῶν
544 3017 725 3101 ἐλευθέρων
748 3021 776 3081 υί
795 3019 853 3102 μὲν
877 3019 1022 3100 εὐγενεῖς,
1046 3021 1075 3082 οί
1104 3018 1138 3081 δ’
1161 3017 1382 3103 ἀπελεύθεροι.

260 3122 426 3210 ελρηκαμεν
452 3121 500 3184 καί
531 3121 681 3206 δευτέραν
709 3122 868 3204 διαίρεσιν,
901 3116 945 3185 ότι
981 3123 1009 3184 οἱ
1034 3122 1091 3202 μὲν
1125 3120 1317 3192 αύτεξούσιοι
1352 3123 1384 3183 οἱ

209 3233 243 3284 20
259 3223 295 3286 δ’
322 3221 506 3298 ὑπεξούσιοι.
544 3224 679 3298 εἰπόντες
705 3221 759 3287 ούν
786 3225 839 3310 τὴν
869 3223 1111 3310 ύπεξουσιότητα
1141 3223 1193 3309 τὴν
1215 3225 1294 3286 κατὰ
1314 3227 1382 3286 τῶν

260 3327 386 3390 οἰκετῶν
408 3331 455 3390 καί
477 3327 531 3413 τὴν
554 3326 631 3390 κατὰ
652 3331 715 3389 τῶν
741 3326 858 3389 παίδων
887 3328 924 3414 ἣν
951 3323 1080 3410 ἔννομος
1111 3327 1209 3410 γάμος
1237 3325 1387 3390 ἀποτελεῖ

259 3428 353 3516 ἤγουν
377 3428 522 3512 θέσειςθ),
545 3429 686 3504 εἰπόντες
707 3429 744 3492 δὲ
766 3431 813 3491 καὶ
835 3430 891 3504 τὰς
918 3429 1022 3504 λύσεις
1048 3428 1198 3512 τούτωνί)
1219 3427 1382 3513 μετέλθω-

257 3554 315 3615 μεν
337 3529 387 3595 έπὶ
407 3532 518 3616 ἑτέραν
531 3515 725 3614 διαίρεσινθ)
751 3535 814 3595 τῶν
837 3529 1045 3603 αύτεξουσίων
1068 3533 1095 3596 οί
1115 3531 1174 3617 μὲν
1195 3529 1382 3615 έπιτροπεύ-

326 3772 347 3837 ¹)
365 3770 391 3824 d.
409 3770 440 3825 F.
543 3770 566 3837 ί)
585 3774 668 3823 παίειν
686 3770 718 3824 R.
832 3771 854 3838 ³)
873 3771 903 3822 δὲ
922 3771 999 3824 omisi
1017 3786 1077 3825 cum
1095 3771 1123 3825 P.
1241 3773 1264 3836 ⁴)
1281 3770 1325 3821 καί
1342 3771 1377 3824 F.

258 3860 341 3909 τοῦτο
359 3857 388 3909 δὲ
405 3875 461 3908 κον.
482 3859 525 3923 όφ.
545 3858 592 3910 είδ.
611 3856 645 3910 R.
746 3858 770 3924 ⁵)
789 3856 854 3924 περὶ
871 3856 1028 3925 ἐπιτρόπων
1046 3855 1107 3910 add.
1119 3856 1188 3912 libri.
1290 3858 1314 3922 ⁶)
1331 3857 1380 3908 καὶ

257 3944 274 4012 ἡ
293 3942 369 4002 θέσις
386 3945 462 3996 ποιεῒ
476 3943 617 3995 τουτέστιν
638 3941 816 4003 ύπεξουσίους
834 3942 930 4002 παῖδας
947 3941 976 3995 Ρ.
994 3941 1075 4011 ἤγουν
1099 3943 1141 3994 καλ
1164 3943 1180 4012 ἡ
1198 3942 1277 4002 θέσις
1295 3942 1385 4011 [ποιεῖ

258 4025 443 4095 ὁπεξουσίους]
462 4026 494 4081 R.
597 4027 619 4093 7)
638 4027 727 4078 αὐτῶν
745 4025 777 4081 R.

325 4114 352 4177 a)
370 4110 431 4180 Epi.
449 4115 474 4179 υ,
492 4115 516 4165 5.
552 4110 648 4165 Proch.
667 4113 709 4174 26,
728 4113 752 4166 7.
896 4110 923 4178 b)
941 4111 1010 4166 haec
1027 4113 1188 4168 uerbotenus
1206 4111 1295 4167 reddit
1312 4113 1377 4182 Epi.

256 4200 380 4265 36‚1sq.
