<?xml version="1.0" encoding="UTF-8"?>
<!DOCTYPE html PUBLIC "-//W3C//DTD XHTML 1.0 Transitional//EN"
    "http://www.w3.org/TR/xhtml1/DTD/xhtml1-transitional.dtd">
<html xmlns="http://www.w3.org/1999/xhtml" xml:lang="en" lang="en">
 <head>
  <title>
</title>
<meta http-equiv="Content-Type" content="text/html;charset=utf-8" />
  <meta name='ocr-system' content='tesseract 3.04.00' />
  <meta name='ocr-capabilities' content='ocr_page ocr_carea ocr_par ocr_line ocrx_word'/>
</head>
<body>
  <div class='ocr_page' id='page_1' title='image "./institutionumgr00linggoog_0420.png"; bbox 0 0 3078 4882; ppageno 0'>
   <div class='ocr_carea' id='block_1_1' title="bbox 678 434 912 504">
    <p class='ocr_par' dir='ltr' id='par_1_1' title="bbox 678 434 912 504">
     <span class='ocr_line' id='line_1_1' title="bbox 678 434 912 504; baseline -0.004 -22"><span class='ocrx_word' id='word_1_1' title='bbox 678 434 912 504; x_wconf 69' lang='lat'><strong>..194-</strong></span> 
     </span>
    </p>
   </div>
   <div class='ocr_carea' id='block_1_2' title="bbox 146 618 1403 3361">
    <p class='ocr_par' dir='ltr' id='par_1_2' title="bbox 146 618 1403 3361">
     <span class='ocr_line' id='line_1_2' title="bbox 233 618 1361 707; baseline -0.005 -23"><span class='ocrx_word' id='word_1_2' title='bbox 233 621 403 707; x_wconf 67' lang='grc' dir='ltr'><em>τέγραςόανΔ</em></span> <span class='ocrx_word' id='word_1_3' title='bbox 420 619 589 704; x_wconf 62' lang='grc' dir='ltr'><em>Κοκκείῳῑ)</em></span> <span class='ocrx_word' id='word_1_4' title='bbox 616 618 791 706; x_wconf 77' lang='grc' dir='ltr'><em>Καμπανῷ·</em></span> <span class='ocrx_word' id='word_1_5' title='bbox 817 619 859 706; x_wconf 70' lang='grc' dir='ltr'><em>νή</em></span> <span class='ocrx_word' id='word_1_6' title='bbox 879 620 938 702; x_wconf 78' lang='grc' dir='ltr'><em>μὲν</em></span> <span class='ocrx_word' id='word_1_7' title='bbox 959 619 1071 701; x_wconf 73' lang='grc' dir='ltr'><em>κατὰ1)</em></span> <span class='ocrx_word' id='word_1_8' title='bbox 1094 618 1247 704; x_wconf 76' lang='grc' dir='ltr'><em>δευτέραν</em></span> <span class='ocrx_word' id='word_1_9' title='bbox 1272 619 1361 690; x_wconf 75' lang='grc' dir='ltr'><em>τάξιν</em></span> 
     </span>
     <span class='ocr_line' id='line_1_3' title="bbox 234 720 1361 810; baseline -0.004 -22"><span class='ocrx_word' id='word_1_10' title='bbox 234 723 386 810; x_wconf 85' lang='grc' dir='ltr'><em>γενομένη</em></span> <span class='ocrx_word' id='word_1_11' title='bbox 409 721 554 810; x_wconf 85' lang='grc' dir='ltr'><em>διαθήκη,</em></span> <span class='ocrx_word' id='word_1_12' title='bbox 577 722 605 784; x_wconf 86' lang='grc' dir='ltr'><em>εί</em></span> <span class='ocrx_word' id='word_1_13' title='bbox 626 723 675 785; x_wconf 84' lang='grc' dir='ltr'><em>καί</em></span> <span class='ocrx_word' id='word_1_14' title='bbox 697 721 745 784; x_wconf 82' lang='grc' dir='ltr'><em>ἐπὶ</em></span> <span class='ocrx_word' id='word_1_15' title='bbox 768 724 919 806; x_wconf 80' lang='grc' dir='ltr'><em>φανεροῖς</em></span> <span class='ocrx_word' id='word_1_16' title='bbox 939 723 1096 806; x_wconf 74' lang='grc' dir='ltr'><strong><em>πράγμασι</em></strong></span> <span class='ocrx_word' id='word_1_17' title='bbox 1118 720 1297 804; x_wconf 88' lang='grc' dir='ltr'><em>γέγραπταί</em></span> <span class='ocrx_word' id='word_1_18' title='bbox 1317 741 1361 794; x_wconf 89' lang='grc' dir='ltr'><em>τις</em></span> 
     </span>
     <span class='ocr_line' id='line_1_4' title="bbox 234 821 1360 912; baseline -0.002 -24"><span class='ocrx_word' id='word_1_19' title='bbox 234 823 269 888; x_wconf 84' lang='grc' dir='ltr'><em>έν</em></span> <span class='ocrx_word' id='word_1_20' title='bbox 288 821 366 910; x_wconf 79' lang='grc' dir='ltr'><em>αὐτῇ</em></span> <span class='ocrx_word' id='word_1_21' title='bbox 387 824 589 912; x_wconf 71' lang='grc' dir='ltr'><em>κληρονόμος,</em></span> <span class='ocrx_word' id='word_1_22' title='bbox 610 821 683 885; x_wconf 86' lang='grc' dir='ltr'><em>ἀλλ’</em></span> <span class='ocrx_word' id='word_1_23' title='bbox 706 821 760 886; x_wconf 82' lang='grc' dir='ltr'><em>οὖν</em></span> <span class='ocrx_word' id='word_1_24' title='bbox 782 821 951 909; x_wconf 82' lang='grc' dir='ltr'><em>ἀνατρέπει</em></span> <span class='ocrx_word' id='word_1_25' title='bbox 973 823 1028 910; x_wconf 84' lang='grc' dir='ltr'><em>τήν</em></span> <span class='ocrx_word' id='word_1_26' title='bbox 1051 821 1211 906; x_wconf 86' lang='grc' dir='ltr'><em>προτέραν</em></span> <span class='ocrx_word' id='word_1_27' title='bbox 1233 824 1360 909; x_wconf 78' lang='grc' dir='ltr'><em>ὁμοίως,</em></span> 
     </span>
     <span class='ocr_line' id='line_1_5' title="bbox 234 911 1359 1015; baseline -0.003 -25"><span class='ocrx_word' id='word_1_28' title='bbox 234 928 340 1011; x_wconf 82' lang='grc' dir='ltr'><em>ὥςπερ</em></span> <span class='ocrx_word' id='word_1_29' title='bbox 363 927 390 990; x_wconf 86' lang='grc' dir='ltr'><em>εί</em></span> <span class='ocrx_word' id='word_1_30' title='bbox 410 927 479 1015; x_wconf 79' lang='grc' dir='ltr'><em>δίχα</em></span> <span class='ocrx_word' id='word_1_31' title='bbox 500 926 630 1011; x_wconf 62' lang='grc' dir='ltr'><em>,μνήμης</em></span> <span class='ocrx_word' id='word_1_32' title='bbox 656 926 849 1009; x_wconf 76' lang='grc' dir='ltr'><em>πραγμάτων</em></span> <span class='ocrx_word' id='word_1_33' title='bbox 876 927 896 1012; x_wconf 79' lang='grc' dir='ltr'><em>ὴ</em></span> <span class='ocrx_word' id='word_1_34' title='bbox 924 925 958 988; x_wconf 80' lang='grc' dir='ltr'><em>ἐν</em></span> <span class='ocrx_word' id='word_1_35' title='bbox 987 927 1026 1012; x_wconf 83' lang='grc' dir='ltr'><em>τή</em></span> <span class='ocrx_word' id='word_1_36' title='bbox 1055 911 1194 1011; x_wconf 79' lang='grc' dir='ltr'><em>δευτέρᾳ</em></span> <span class='ocrx_word' id='word_1_37' title='bbox 1222 924 1359 1012; x_wconf 89' lang='grc' dir='ltr'><em>διαθήκη</em></span> 
     </span>
     <span class='ocr_line' id='line_1_6' title="bbox 192 1025 1360 1115; baseline -0.001 -23"><span class='ocrx_word' id='word_1_38' title='bbox 192 1048 216 1106; x_wconf 71' lang='lat'><em>¹15</em></span> <span class='ocrx_word' id='word_1_39' title='bbox 235 1027 378 1104; x_wconf 82' lang='grc' dir='ltr'><em>ἔνστασις</em></span> <span class='ocrx_word' id='word_1_40' title='bbox 399 1027 564 1109; x_wconf 78' lang='grc' dir='ltr'><em>ἐγεγόνειτ</em></span> <span class='ocrx_word' id='word_1_41' title='bbox 589 1025 768 1110; x_wconf 58' lang='grc' dir='ltr'><em>ἐκέλευσελ)</em></span> <span class='ocrx_word' id='word_1_42' title='bbox 791 1028 991 1113; x_wconf 74' lang='grc' dir='ltr'><em>κληρονομεῖν</em></span> <span class='ocrx_word' id='word_1_43' title='bbox 1012 1025 1072 1111; x_wconf 85' lang='grc' dir='ltr'><em>μέν</em></span> <span class='ocrx_word' id='word_1_44' title='bbox 1096 1029 1148 1091; x_wconf 87' lang='grc' dir='ltr'><em>τὸν</em></span> <span class='ocrx_word' id='word_1_45' title='bbox 1172 1028 1206 1090; x_wconf 84' lang='grc' dir='ltr'><em>έν</em></span> <span class='ocrx_word' id='word_1_46' title='bbox 1227 1030 1267 1115; x_wconf 78' lang='grc' dir='ltr'><em>τῇ</em></span> <span class='ocrx_word' id='word_1_47' title='bbox 1289 1028 1360 1091; x_wconf 91' lang='grc' dir='ltr'><em>δευ-</em></span> 
     </span>
     <span class='ocr_line' id='line_1_7' title="bbox 185 1128 1360 1221; baseline -0.002 -25"><span class='ocrx_word' id='word_1_48' title='bbox 185 1135 188 1144; x_wconf 80' lang='grc'><strong>“</strong></span> <span class='ocrx_word' id='word_1_49' title='bbox 234 1131 314 1217; x_wconf 78' lang='grc' dir='ltr'><em>τέρᾳ</em></span> <span class='ocrx_word' id='word_1_50' title='bbox 346 1129 481 1221; x_wconf 77' lang='grc' dir='ltr'><em>διαθήκη</em></span> <span class='ocrx_word' id='word_1_51' title='bbox 514 1128 741 1215; x_wconf 77' lang='grc' dir='ltr'><em>γεγραμμένον,</em></span> <span class='ocrx_word' id='word_1_52' title='bbox 751 1131 778 1196; x_wconf 69' lang='lat' dir='ltr'><em>a)</em></span> <span class='ocrx_word' id='word_1_53' title='bbox 808 1129 994 1218; x_wconf 80' lang='grc' dir='ltr'><em>κατέχεσθαι</em></span> <span class='ocrx_word' id='word_1_54' title='bbox 1025 1128 1064 1195; x_wconf 84' lang='grc' dir='ltr'><em>δὲ</em></span> <span class='ocrx_word' id='word_1_55' title='bbox 1092 1131 1159 1206; x_wconf 92' lang='grc' dir='ltr'><em>τοῖς</em></span> <span class='ocrx_word' id='word_1_56' title='bbox 1187 1129 1360 1194; x_wconf 83' lang='grc' dir='ltr'><em>ἐνσταθεῖσι</em></span> 
     </span>
     <span class='ocr_line' id='line_1_8' title="bbox 233 1231 1360 1320; baseline -0.001 -23"><span class='ocrx_word' id='word_1_57' title='bbox 233 1234 436 1319; x_wconf 81' lang='grc' dir='ltr'><em>κληρονόμοις</em></span> <span class='ocrx_word' id='word_1_58' title='bbox 465 1233 499 1294; x_wconf 82' lang='grc' dir='ltr'><em>ἐν</em></span> <span class='ocrx_word' id='word_1_59' title='bbox 526 1234 564 1318; x_wconf 82' lang='grc' dir='ltr'><em>τή</em></span> <span class='ocrx_word' id='word_1_60' title='bbox 597 1231 739 1318; x_wconf 89' lang='grc' dir='ltr'><em>προτέρᾳ</em></span> <span class='ocrx_word' id='word_1_61' title='bbox 771 1231 907 1320; x_wconf 85' lang='grc' dir='ltr'><em>διαθήκη</em></span> <span class='ocrx_word' id='word_1_62' title='bbox 941 1233 990 1297; x_wconf 78' lang='grc' dir='ltr'><em>ἐπὶ</em></span> <span class='ocrx_word' id='word_1_63' title='bbox 1023 1234 1273 1297; x_wconf 87' lang='grc' dir='ltr'><em>ἀποκαταστάσει</em></span> <span class='ocrx_word' id='word_1_64' title='bbox 1306 1237 1360 1320; x_wconf 86' lang='grc' dir='ltr'><em>τής</em></span> 
     </span>
     <span class='ocr_line' id='line_1_9' title="bbox 233 1334 1360 1423; baseline -0.002 -23"><span class='ocrx_word' id='word_1_65' title='bbox 233 1334 440 1423; x_wconf 86' lang='grc' dir='ltr'><em>κληρονομίας</em></span> <span class='ocrx_word' id='word_1_66' title='bbox 459 1334 654 1419; x_wconf 80' lang='grc' dir='ltr'><em>ἀρκούμενον</em></span> <span class='ocrx_word' id='word_1_67' title='bbox 677 1335 770 1400; x_wconf 79' lang='grc' dir='ltr'><em>αὐτὸν</em></span> <span class='ocrx_word' id='word_1_68' title='bbox 792 1338 857 1410; x_wconf 89' lang='grc' dir='ltr'><em>τοῖς</em></span> <span class='ocrx_word' id='word_1_69' title='bbox 879 1337 1041 1420; x_wconf 76' lang='grc' dir='ltr'><em>πράγμασι</em></span> <span class='ocrx_word' id='word_1_70' title='bbox 1062 1337 1106 1411; x_wconf 81' lang='grc' dir='ltr'><em>είς</em></span> <span class='ocrx_word' id='word_1_71' title='bbox 1126 1337 1212 1400; x_wconf 83' lang='grc' dir='ltr'><em>δκαλ</em></span> <span class='ocrx_word' id='word_1_72' title='bbox 1226 1334 1360 1417; x_wconf 78' lang='grc' dir='ltr'><em>γέγραπ·</em></span> 
     </span>
     <span class='ocr_line' id='line_1_10' title="bbox 146 1436 1360 1525; baseline -0.003 -21"><span class='ocrx_word' id='word_1_73' title='bbox 146 1505 148 1512; x_wconf 16' lang='grc' dir='ltr'><em>ς</em></span> <span class='ocrx_word' id='word_1_74' title='bbox 234 1463 282 1512; x_wconf 87' lang='grc' dir='ltr'><em>ται</em></span> <span class='ocrx_word' id='word_1_75' title='bbox 305 1436 547 1525; x_wconf 51' lang='grc' dir='ltr'><em>κληρονόμοςῤ)</em></span> <span class='ocrx_word' id='word_1_76' title='bbox 579 1437 606 1501; x_wconf 83' lang='grc' dir='ltr'><em>ελ</em></span> <span class='ocrx_word' id='word_1_77' title='bbox 632 1439 680 1500; x_wconf 80' lang='grc' dir='ltr'><em>καὶ</em></span> <span class='ocrx_word' id='word_1_78' title='bbox 699 1438 743 1524; x_wconf 80' lang='grc' dir='ltr'><em>μή</em></span> <span class='ocrx_word' id='word_1_79' title='bbox 772 1436 871 1501; x_wconf 82' lang='grc' dir='ltr'><em>ταῦτα</em></span> <span class='ocrx_word' id='word_1_80' title='bbox 899 1440 936 1501; x_wconf 82' lang='grc' dir='ltr'><em>τὰ</em></span> <span class='ocrx_word' id='word_1_81' title='bbox 965 1437 1103 1503; x_wconf 82' lang='grc' dir='ltr'><em>ἐαθέντα</em></span> <span class='ocrx_word' id='word_1_82' title='bbox 1132 1439 1252 1524; x_wconf 57' lang='grc' dir='ltr'><em>αθτῷλ)</em></span> <span class='ocrx_word' id='word_1_83' title='bbox 1279 1443 1360 1503; x_wconf 82' lang='grc' dir='ltr'><em>ποιεῖ</em></span> 
     </span>
     <span class='ocr_line' id='line_1_11' title="bbox 184 1537 1360 1626; baseline -0.002 -20"><span class='ocrx_word' id='word_1_84' title='bbox 184 1555 217 1606; x_wconf 88' lang='grc'><em>10</em></span> <span class='ocrx_word' id='word_1_85' title='bbox 236 1542 287 1606; x_wconf 81' lang='grc' dir='ltr'><em>τὸν</em></span> <span class='ocrx_word' id='word_1_86' title='bbox 309 1537 474 1604; x_wconf 82' lang='lat' dir='ltr'><strong>falcidion·</strong></span> <span class='ocrx_word' id='word_1_87' title='bbox 498 1538 612 1621; x_wconf 53' lang='grc' dir='ltr'><em>ὥςτεθ)</em></span> <span class='ocrx_word' id='word_1_88' title='bbox 634 1537 891 1625; x_wconf 66' lang='grc' dir='ltr'><em>ἀναπληροῦσθαι</em></span> <span class='ocrx_word' id='word_1_89' title='bbox 914 1539 1001 1626; x_wconf 79' lang='grc' dir='ltr'><em>αὐτῷ</em></span> <span class='ocrx_word' id='word_1_90' title='bbox 1022 1543 1058 1603; x_wconf 89' lang='grc' dir='ltr'><em>τδ</em></span> <span class='ocrx_word' id='word_1_91' title='bbox 1081 1542 1220 1604; x_wconf 84' lang='grc' dir='ltr'><em>ἐλλεῖπον</em></span> <span class='ocrx_word' id='word_1_92' title='bbox 1241 1543 1290 1624; x_wconf 81' lang='grc' dir='ltr'><em>τῷ</em></span> <span class='ocrx_word' id='word_1_93' title='bbox 1313 1563 1360 1604; x_wconf 86' lang='grc' dir='ltr'><em>τε·</em></span> 
     </span>
     <span class='ocr_line' id='line_1_12' title="bbox 186 1639 1360 1730; baseline -0.003 -22"><span class='ocrx_word' id='word_1_94' title='bbox 186 1703 189 1708; x_wconf 77' lang='grc'>,</span> <span class='ocrx_word' id='word_1_95' title='bbox 234 1643 385 1727; x_wconf 68' lang='grc' dir='ltr'><em>τάρτῳ.7)</em></span> <span class='ocrx_word' id='word_1_96' title='bbox 438 1642 587 1724; x_wconf 62' lang='grc' dir='ltr'><em>τούτωνθ)</em></span> <span class='ocrx_word' id='word_1_97' title='bbox 616 1639 653 1707; x_wconf 84' lang='grc' dir='ltr'><em>δὲ</em></span> <span class='ocrx_word' id='word_1_98' title='bbox 677 1641 757 1705; x_wconf 86' lang='grc' dir='ltr'><em>αλτία</em></span> <span class='ocrx_word' id='word_1_99' title='bbox 783 1643 823 1706; x_wconf 89' lang='grc' dir='ltr'><em>τὰ</em></span> <span class='ocrx_word' id='word_1_100' title='bbox 850 1642 884 1705; x_wconf 79' lang='grc' dir='ltr'><em>ἐν</em></span> <span class='ocrx_word' id='word_1_101' title='bbox 911 1645 950 1729; x_wconf 77' lang='grc' dir='ltr'><em>τῇ</em></span> <span class='ocrx_word' id='word_1_102' title='bbox 980 1643 1117 1729; x_wconf 77' lang='grc' dir='ltr'><em>δευτέρᾳ</em></span> <span class='ocrx_word' id='word_1_103' title='bbox 1144 1640 1280 1730; x_wconf 88' lang='grc' dir='ltr'><em>διαθήκη</em></span> <span class='ocrx_word' id='word_1_104' title='bbox 1310 1665 1360 1724; x_wconf 88' lang='grc' dir='ltr'><em>γε·</em></span> 
     </span>
     <span class='ocr_line' id='line_1_13' title="bbox 187 1739 1360 1831; baseline -0.001 -23"><span class='ocrx_word' id='word_1_105' title='bbox 187 1739 189 1744; x_wconf 51' lang='grc'><strong>’</strong></span> <span class='ocrx_word' id='word_1_106' title='bbox 233 1745 399 1830; x_wconf 88' lang='grc' dir='ltr'><em>γραμμένα</em></span> <span class='ocrx_word' id='word_1_107' title='bbox 418 1743 557 1830; x_wconf 76' lang='grc' dir='ltr'><em>ῥήματα,</em></span> <span class='ocrx_word' id='word_1_108' title='bbox 579 1742 613 1806; x_wconf 87' lang='grc' dir='ltr'><em>έν</em></span> <span class='ocrx_word' id='word_1_109' title='bbox 635 1743 683 1819; x_wconf 86' lang='grc' dir='ltr'><em>οἷς</em></span> <span class='ocrx_word' id='word_1_110' title='bbox 705 1742 772 1808; x_wconf 84' lang='grc' dir='ltr'><em>είπε</em></span> <span class='ocrx_word' id='word_1_111' title='bbox 793 1744 849 1831; x_wconf 85' lang='grc' dir='ltr'><em>τήν</em></span> <span class='ocrx_word' id='word_1_112' title='bbox 872 1743 1029 1830; x_wconf 87' lang='grc' dir='ltr'><em>προτέραν</em></span> <span class='ocrx_word' id='word_1_113' title='bbox 1058 1743 1221 1831; x_wconf 80' lang='grc' dir='ltr'><em>ἐρρῶσθαι</em></span> <span class='ocrx_word' id='word_1_114' title='bbox 1250 1742 1360 1830; x_wconf 89' lang='grc' dir='ltr'><em>διαθή-</em></span> 
     </span>
     <span class='ocr_line' id='line_1_14' title="bbox 233 1843 1360 1931; baseline -0.002 -22"><span class='ocrx_word' id='word_1_115' title='bbox 233 1870 298 1931; x_wconf 92' lang='grc' dir='ltr'><em>κην.</em></span> <span class='ocrx_word' id='word_1_116' title='bbox 343 1849 379 1910; x_wconf 84' lang='grc' dir='ltr'><em>τὸ</em></span> <span class='ocrx_word' id='word_1_117' title='bbox 399 1846 459 1930; x_wconf 85' lang='grc' dir='ltr'><em>μὲν</em></span> <span class='ocrx_word' id='word_1_118' title='bbox 481 1845 536 1909; x_wconf 81' lang='grc' dir='ltr'><em>οὖν</em></span> <span class='ocrx_word' id='word_1_119' title='bbox 558 1843 614 1910; x_wconf 83' lang='grc' dir='ltr'><em>τοῦ</em></span> <span class='ocrx_word' id='word_1_120' title='bbox 635 1845 732 1927; x_wconf 78' lang='lat' dir='ltr'><strong>n&#39;lptu</strong></span> <span class='ocrx_word' id='word_1_121' title='bbox 756 1845 857 1920; x_wconf 91' lang='grc' dir='ltr'><em>πάθος</em></span> <span class='ocrx_word' id='word_1_122' title='bbox 884 1846 935 1910; x_wconf 86' lang='grc' dir='ltr'><em>διὰ</em></span> <span class='ocrx_word' id='word_1_123' title='bbox 958 1847 1079 1911; x_wconf 85' lang='grc' dir='ltr'><em>πολλῶν</em></span> <span class='ocrx_word' id='word_1_124' title='bbox 1103 1846 1268 1931; x_wconf 79' lang='grc' dir='ltr'><em>συμβαίνει</em></span> <span class='ocrx_word' id='word_1_125' title='bbox 1290 1846 1360 1930; x_wconf 83' lang='grc' dir='ltr'><em>τρό·</em></span> 
     </span>
     <span class='ocr_line' id='line_1_15' title="bbox 235 1946 1360 2031; baseline -0.002 -19"><span class='ocrx_word' id='word_1_126' title='bbox 235 1971 311 2012; x_wconf 84' lang='grc' dir='ltr'><em>πων.</em></span> <span class='ocrx_word' id='word_1_127' title='bbox 355 1946 506 2030; x_wconf 76' lang='lat' dir='ltr'><strong>postnmu</strong></span> <span class='ocrx_word' id='word_1_128' title='bbox 527 1949 588 2030; x_wconf 86' lang='grc' dir='ltr'><em>γὰρ</em></span> <span class='ocrx_word' id='word_1_129' title='bbox 615 1948 793 2031; x_wconf 75' lang='lat' dir='ltr'><strong>praeteritu</strong></span> <span class='ocrx_word' id='word_1_130' title='bbox 822 1951 950 2025; x_wconf 82' lang='grc' dir='ltr'><em>τοκετὸς</em></span> <span class='ocrx_word' id='word_1_131' title='bbox 978 1951 1028 2012; x_wconf 80' lang='grc' dir='ltr'><em>καὶ</em></span> <span class='ocrx_word' id='word_1_132' title='bbox 1057 1952 1160 2024; x_wconf 89' lang='grc' dir='ltr'><em>καινδς</em></span> <span class='ocrx_word' id='word_1_133' title='bbox 1188 1951 1264 2014; x_wconf 75' lang='lat' dir='ltr'>sslos</span> <span class='ocrx_word' id='word_1_134' title='bbox 1286 1949 1360 2011; x_wconf 82' lang='grc' dir='ltr'><em>ἐπα-</em></span> 
     </span>
     <span class='ocr_line' id='line_1_16' title="bbox 184 2047 1360 2136; baseline -0.001 -21"><span class='ocrx_word' id='word_1_135' title='bbox 184 2063 215 2115; x_wconf 77' lang='grc'><em>15</em></span> <span class='ocrx_word' id='word_1_136' title='bbox 235 2048 390 2130; x_wconf 83' lang='grc' dir='ltr'><em>ναβαίνων</em></span> <span class='ocrx_word' id='word_1_137' title='bbox 416 2050 464 2111; x_wconf 81' lang='grc' dir='ltr'><em>καὶ</em></span> <span class='ocrx_word' id='word_1_138' title='bbox 486 2050 588 2123; x_wconf 90' lang='grc' dir='ltr'><em>καινὸς</em></span> <span class='ocrx_word' id='word_1_139' title='bbox 609 2049 716 2131; x_wconf 57' lang='lat' dir='ltr'><strong>senff)</strong></span> <span class='ocrx_word' id='word_1_140' title='bbox 739 2047 957 2132; x_wconf 77' lang='grc' dir='ltr'><em>ἐπιγενόμενος</em></span> <span class='ocrx_word' id='word_1_141' title='bbox 980 2051 1030 2112; x_wconf 77' lang='grc' dir='ltr'><em>καὶ</em></span> <span class='ocrx_word' id='word_1_142' title='bbox 1059 2051 1177 2136; x_wconf 85' lang='grc' dir='ltr'><em>ποίησις</em></span> <span class='ocrx_word' id='word_1_143' title='bbox 1205 2050 1360 2136; x_wconf 82' lang='grc' dir='ltr'><em>δευτέρας</em></span> 
     </span>
     <span class='ocr_line' id='line_1_17' title="bbox 233 2149 1360 2239; baseline 0.001 -25"><span class='ocrx_word' id='word_1_144' title='bbox 233 2149 385 2238; x_wconf 75' lang='grc' dir='ltr'><em>διαθήκης</em></span> <span class='ocrx_word' id='word_1_145' title='bbox 416 2151 535 2235; x_wconf 77' lang='lat' dir='ltr'><strong>n&#39;nptnn</strong></span> <span class='ocrx_word' id='word_1_146' title='bbox 571 2156 692 2216; x_wconf 86' lang='grc' dir='ltr'><em>ποιοῦσι</em></span> <span class='ocrx_word' id='word_1_147' title='bbox 700 2153 737 2235; x_wconf 87' lang='lat'><em>¹⁰)</em></span> <span class='ocrx_word' id='word_1_148' title='bbox 766 2153 821 2238; x_wconf 81' lang='grc' dir='ltr'><em>τήν</em></span> <span class='ocrx_word' id='word_1_149' title='bbox 849 2151 1014 2239; x_wconf 88' lang='grc' dir='ltr'><em>διαθήκην.</em></span> <span class='ocrx_word' id='word_1_150' title='bbox 1065 2153 1142 2216; x_wconf 90' lang='grc' dir='ltr'><em>ἀλλὰ</em></span> <span class='ocrx_word' id='word_1_151' title='bbox 1173 2150 1272 2216; x_wconf 82' lang='grc' dir='ltr'><em>ταῦτα</em></span> <span class='ocrx_word' id='word_1_152' title='bbox 1296 2150 1360 2236; x_wconf 88' lang='grc' dir='ltr'><em>μὲν</em></span> 
     </span>
     <span class='ocr_line' id='line_1_18' title="bbox 234 2252 1400 2337; baseline 0 -19"><span class='ocrx_word' id='word_1_153' title='bbox 234 2253 349 2337; x_wconf 64' lang='grc' dir='ltr'><em>περὶῃ)</em></span> <span class='ocrx_word' id='word_1_154' title='bbox 373 2253 493 2328; x_wconf 88' lang='grc' dir='ltr'><em>πάθους</em></span> <span class='ocrx_word' id='word_1_155' title='bbox 516 2253 570 2318; x_wconf 80' lang='grc' dir='ltr'><em>τοῦ</em></span> <span class='ocrx_word' id='word_1_156' title='bbox 591 2254 698 2337; x_wconf 78' lang='lat' dir='ltr'><em>n&#39;lptu.</em></span> <span class='ocrx_word' id='word_1_157' title='bbox 750 2257 780 2317; x_wconf 84' lang='lat'><em>4.</em></span> <span class='ocrx_word' id='word_1_158' title='bbox 819 2255 856 2317; x_wconf 81' lang='grc' dir='ltr'><em>Τδ</em></span> <span class='ocrx_word' id='word_1_159' title='bbox 884 2252 921 2320; x_wconf 82' lang='grc' dir='ltr'><em>δὲ</em></span> <span class='ocrx_word' id='word_1_160' title='bbox 945 2253 1106 2336; x_wconf 59' lang='grc' dir='ltr'><em>λατίθοαῑλ)</em></span> <span class='ocrx_word' id='word_1_161' title='bbox 1137 2255 1280 2318; x_wconf 87' lang='grc' dir='ltr'><em>καταλόει</em></span> <span class='ocrx_word' id='word_1_162' title='bbox 1308 2257 1359 2318; x_wconf 85' lang='grc' dir='ltr'><em>καὶ</em></span> <span class='ocrx_word' id='word_1_163' title='bbox 1375 2262 1400 2310; x_wconf 80' lang='lat'><em>4-</em></span> 
     </span>
     <span class='ocr_line' id='line_1_19' title="bbox 233 2353 1363 2442; baseline -0.001 -23"><span class='ocrx_word' id='word_1_164' title='bbox 233 2353 308 2419; x_wconf 78' lang='grc' dir='ltr'><em>αὐτὸ</em></span> <span class='ocrx_word' id='word_1_165' title='bbox 332 2358 385 2442; x_wconf 83' lang='grc' dir='ltr'><em>τήν</em></span> <span class='ocrx_word' id='word_1_166' title='bbox 408 2355 578 2442; x_wconf 90' lang='grc' dir='ltr'><em>γενομένην</em></span> <span class='ocrx_word' id='word_1_167' title='bbox 600 2355 759 2442; x_wconf 79' lang='grc' dir='ltr'><em>διαθήκην,</em></span> <span class='ocrx_word' id='word_1_168' title='bbox 784 2356 849 2419; x_wconf 85' lang='grc' dir='ltr'><em>οῖον</em></span> <span class='ocrx_word' id='word_1_169' title='bbox 870 2356 960 2442; x_wconf 87' lang='grc' dir='ltr'><em>ήνίκα</em></span> <span class='ocrx_word' id='word_1_170' title='bbox 982 2357 999 2416; x_wconf 84' lang='grc' dir='ltr'><em>δ</em></span> <span class='ocrx_word' id='word_1_171' title='bbox 1024 2355 1212 2440; x_wconf 85' lang='grc' dir='ltr'><em>διαθέμενος</em></span> <span class='ocrx_word' id='word_1_172' title='bbox 1241 2357 1363 2442; x_wconf 76' lang='grc' dir='ltr'><em>δποστῇ</em></span> 
     </span>
     <span class='ocr_line' id='line_1_20' title="bbox 233 2455 1359 2543; baseline -0.005 -19"><span class='ocrx_word' id='word_1_173' title='bbox 233 2458 348 2542; x_wconf 77' lang='lat' dir='ltr'><strong>eapitis</strong></span> <span class='ocrx_word' id='word_1_174' title='bbox 372 2456 597 2522; x_wconf 69' lang='lat' dir='ltr'><strong>deminutione..</strong></span> <span class='ocrx_word' id='word_1_175' title='bbox 640 2455 737 2530; x_wconf 92' lang='grc' dir='ltr'><em>ποίοις</em></span> <span class='ocrx_word' id='word_1_176' title='bbox 758 2456 795 2521; x_wconf 85' lang='grc' dir='ltr'><em>δὲ</em></span> <span class='ocrx_word' id='word_1_177' title='bbox 818 2456 944 2541; x_wconf 87' lang='grc' dir='ltr'><em>τρόποις</em></span> <span class='ocrx_word' id='word_1_178' title='bbox 966 2457 1134 2539; x_wconf 80' lang='grc' dir='ltr'><em>συμβαίνει</em></span> <span class='ocrx_word' id='word_1_179' title='bbox 1165 2455 1198 2520; x_wconf 82' lang='grc' dir='ltr'><em>έν</em></span> <span class='ocrx_word' id='word_1_180' title='bbox 1221 2461 1260 2543; x_wconf 78' lang='grc' dir='ltr'><em>τῇ</em></span> <span class='ocrx_word' id='word_1_181' title='bbox 1282 2482 1359 2540; x_wconf 95' lang='grc' dir='ltr'><em>προ-</em></span> 
     </span>
     <span class='ocr_line' id='line_1_21' title="bbox 181 2558 1359 2647; baseline -0.002 -23"><span class='ocrx_word' id='word_1_182' title='bbox 181 2587 217 2639; x_wconf 72' lang='lat'><em>20</em></span> <span class='ocrx_word' id='word_1_183' title='bbox 234 2561 314 2647; x_wconf 81' lang='grc' dir='ltr'><em>τέρᾳ</em></span> <span class='ocrx_word' id='word_1_184' title='bbox 336 2559 539 2646; x_wconf 63' lang='grc' dir='ltr'><em>διεξήλθομεν</em></span> <span class='ocrx_word' id='word_1_185' title='bbox 563 2558 769 2624; x_wconf 73' lang='lat' dir='ltr'><strong>Institutioni.</strong></span> <span class='ocrx_word' id='word_1_186' title='bbox 813 2559 868 2622; x_wconf 87' lang='grc' dir='ltr'><em>έάν</em></span> <span class='ocrx_word' id='word_1_187' title='bbox 889 2559 950 2644; x_wconf 83' lang='grc' dir='ltr'><em>γὰρ</em></span> <span class='ocrx_word' id='word_1_188' title='bbox 979 2561 997 2621; x_wconf 85' lang='grc' dir='ltr'><em>δ</em></span> <span class='ocrx_word' id='word_1_189' title='bbox 1020 2558 1165 2624; x_wconf 68' lang='grc' dir='ltr'><em>ῐθεῒέλωτ</em></span> <span class='ocrx_word' id='word_1_190' title='bbox 1195 2559 1314 2646; x_wconf 78' lang='grc' dir='ltr'><em>ὓπυστῄ</em></span> <span class='ocrx_word' id='word_1_191' title='bbox 1322 2561 1359 2639; x_wconf 84' lang='lat'><em>¹³)</em></span> 
     </span>
     <span class='ocr_line' id='line_1_22' title="bbox 233 2660 1358 2748; baseline 0 -24"><span class='ocrx_word' id='word_1_192' title='bbox 233 2664 288 2748; x_wconf 86' lang='grc' dir='ltr'><em>τὴν</em></span> <span class='ocrx_word' id='word_1_193' title='bbox 304 2663 441 2747; x_wconf 91' lang='grc' dir='ltr'><em>μεγάλην</em></span> <span class='ocrx_word' id='word_1_194' title='bbox 464 2664 512 2724; x_wconf 77' lang='grc' dir='ltr'><em>καὶ</em></span> <span class='ocrx_word' id='word_1_195' title='bbox 533 2660 659 2747; x_wconf 88' lang='grc' dir='ltr'><em>γένηται</em></span> <span class='ocrx_word' id='word_1_196' title='bbox 680 2661 794 2737; x_wconf 85' lang='grc' dir='ltr'><em>δοῦλος</em></span> <span class='ocrx_word' id='word_1_197' title='bbox 815 2661 835 2748; x_wconf 82' lang='grc' dir='ltr'><em>ή</em></span> <span class='ocrx_word' id='word_1_198' title='bbox 857 2663 911 2747; x_wconf 80' lang='grc' dir='ltr'><em>τήν</em></span> <span class='ocrx_word' id='word_1_199' title='bbox 931 2660 1033 2748; x_wconf 89' lang='grc' dir='ltr'><em>μέσην</em></span> <span class='ocrx_word' id='word_1_200' title='bbox 1055 2663 1104 2724; x_wconf 79' lang='grc' dir='ltr'><em>καὶ</em></span> <span class='ocrx_word' id='word_1_201' title='bbox 1123 2665 1182 2748; x_wconf 88' lang='grc' dir='ltr'><em>τής</em></span> <span class='ocrx_word' id='word_1_202' title='bbox 1204 2662 1358 2734; x_wconf 82' lang='grc' dir='ltr'><em>πολιτείας</em></span> 
     </span>
     <span class='ocr_line' id='line_1_23' title="bbox 234 2762 1360 2853; baseline -0.004 -24"><span class='ocrx_word' id='word_1_203' title='bbox 234 2764 350 2850; x_wconf 82' lang='grc' dir='ltr'><em>ἐκπέση</em></span> <span class='ocrx_word' id='word_1_204' title='bbox 373 2763 392 2850; x_wconf 85' lang='grc' dir='ltr'><em>ή</em></span> <span class='ocrx_word' id='word_1_205' title='bbox 415 2765 468 2850; x_wconf 85' lang='grc' dir='ltr'><em>τήν</em></span> <span class='ocrx_word' id='word_1_206' title='bbox 491 2763 699 2853; x_wconf 61' lang='grc' dir='ltr'><em>έλαχῖστηνθ)</em></span> <span class='ocrx_word' id='word_1_207' title='bbox 726 2766 775 2827; x_wconf 79' lang='grc' dir='ltr'><em>καὶ</em></span> <span class='ocrx_word' id='word_1_208' title='bbox 797 2764 922 2850; x_wconf 87' lang='grc' dir='ltr'><em>γένηται</em></span> <span class='ocrx_word' id='word_1_209' title='bbox 944 2765 1129 2838; x_wconf 78' lang='grc' dir='ltr'><em>ὑπεξοόσιος</em></span> <span class='ocrx_word' id='word_1_210' title='bbox 1150 2762 1225 2838; x_wconf 80' lang='grc' dir='ltr'><em>δοὺς</em></span> <span class='ocrx_word' id='word_1_211' title='bbox 1247 2764 1360 2828; x_wconf 84' lang='grc' dir='ltr'><em>ἑαυτὸν</em></span> 
     </span>
     <span class='ocr_line' id='line_1_24' title="bbox 186 2858 1403 2954; baseline -0.002 -24"><span class='ocrx_word' id='word_1_212' title='bbox 186 2921 190 2930; x_wconf 74' lang='grc'>,</span> <span class='ocrx_word' id='word_1_213' title='bbox 234 2867 278 2941; x_wconf 84' lang='grc' dir='ltr'><em>ελς</em></span> <span class='ocrx_word' id='word_1_214' title='bbox 298 2865 527 2948; x_wconf 67' lang='lat' dir='ltr'><strong>adrogatione,</strong></span> <span class='ocrx_word' id='word_1_215' title='bbox 556 2866 670 2932; x_wconf 76' lang='lat' dir='ltr'><strong>inritos</strong></span> <span class='ocrx_word' id='word_1_216' title='bbox 697 2866 813 2948; x_wconf 86' lang='grc' dir='ltr'><em>γίνεται</em></span> <span class='ocrx_word' id='word_1_217' title='bbox 838 2869 859 2954; x_wconf 83' lang='grc' dir='ltr'><em>ή</em></span> <span class='ocrx_word' id='word_1_218' title='bbox 888 2865 1068 2952; x_wconf 78' lang='grc' dir='ltr'><em>διυθήκη.1))</em></span> <span class='ocrx_word' id='word_1_219' title='bbox 1121 2869 1151 2932; x_wconf 81' lang='lat'><em>5.</em></span> <span class='ocrx_word' id='word_1_220' title='bbox 1178 2858 1266 2942; x_wconf 74' lang='grc' dir='ltr'><em>Ὥςτε</em></span> <span class='ocrx_word' id='word_1_221' title='bbox 1294 2865 1359 2944; x_wconf 81' lang='grc' dir='ltr'><em>οὖν,</em></span> <span class='ocrx_word' id='word_1_222' title='bbox 1378 2889 1403 2938; x_wconf 84' lang='grc'><em>5,</em></span> 
     </span>
     <span class='ocr_line' id='line_1_25' title="bbox 233 2965 1359 3054; baseline -0.003 -23"><span class='ocrx_word' id='word_1_223' title='bbox 233 2970 279 3042; x_wconf 80' lang='grc' dir='ltr'><em>ὡς</em></span> <span class='ocrx_word' id='word_1_224' title='bbox 304 2971 353 3031; x_wconf 80' lang='grc' dir='ltr'><em>καί</em></span> <span class='ocrx_word' id='word_1_225' title='bbox 379 2967 440 3053; x_wconf 88' lang='grc' dir='ltr'><em>ήδη</em></span> <span class='ocrx_word' id='word_1_226' title='bbox 468 2966 595 3053; x_wconf 82' lang='grc' dir='ltr'><em>εἴρηται,</em></span> <span class='ocrx_word' id='word_1_227' title='bbox 620 2968 688 3052; x_wconf 84' lang='grc' dir='ltr'><em>τρία</em></span> <span class='ocrx_word' id='word_1_228' title='bbox 716 2965 801 3052; x_wconf 91' lang='grc' dir='ltr'><em>πάθη</em></span> <span class='ocrx_word' id='word_1_229' title='bbox 832 2968 1018 3054; x_wconf 79' lang='grc' dir='ltr'><em>παρενοχλεῖ</em></span> <span class='ocrx_word' id='word_1_230' title='bbox 1047 2969 1113 3042; x_wconf 87' lang='grc' dir='ltr'><em>ταῖς</em></span> <span class='ocrx_word' id='word_1_231' title='bbox 1138 2965 1359 3052; x_wconf 58' lang='grc' dir='ltr'><em>διαθήκαιςθ),</em></span> 
     </span>
     <span class='ocr_line' id='line_1_26' title="bbox 181 3066 1359 3152; baseline -0.004 -18"><span class='ocrx_word' id='word_1_232' title='bbox 181 3094 217 3151; x_wconf 71' lang='lat'><em>25</em></span> <span class='ocrx_word' id='word_1_233' title='bbox 235 3089 299 3134; x_wconf 90' lang='lat' dir='ltr'><em>non</em></span> <span class='ocrx_word' id='word_1_234' title='bbox 320 3071 388 3134; x_wconf 88' lang='lat' dir='ltr'><strong>iure</strong></span> <span class='ocrx_word' id='word_1_235' title='bbox 409 3067 494 3134; x_wconf 88' lang='lat' dir='ltr'><strong>ciuili</strong></span> <span class='ocrx_word' id='word_1_236' title='bbox 516 3068 646 3147; x_wconf 82' lang='lat' dir='ltr'><strong>fnetnm,</strong></span> <span class='ocrx_word' id='word_1_237' title='bbox 670 3073 809 3152; x_wconf 85' lang='lat' dir='ltr'><strong>ruptum,</strong></span> <span class='ocrx_word' id='word_1_238' title='bbox 831 3067 968 3133; x_wconf 80' lang='lat' dir='ltr'><strong>irritum.</strong></span> <span class='ocrx_word' id='word_1_239' title='bbox 999 3066 1165 3151; x_wconf 83' lang='grc' dir='ltr'><em>δυνάμεθα</em></span> <span class='ocrx_word' id='word_1_240' title='bbox 1192 3066 1228 3132; x_wconf 86' lang='grc' dir='ltr'><em>δὲ</em></span> <span class='ocrx_word' id='word_1_241' title='bbox 1252 3071 1302 3131; x_wconf 79' lang='grc' dir='ltr'><em>καὶ</em></span> <span class='ocrx_word' id='word_1_242' title='bbox 1324 3071 1359 3131; x_wconf 80' lang='grc' dir='ltr'><em>τὸ</em></span> 
     </span>
     <span class='ocr_line' id='line_1_27' title="bbox 232 3169 1360 3260; baseline -0.004 -22"><span class='ocrx_word' id='word_1_243' title='bbox 232 3173 351 3238; x_wconf 73' lang='grc' dir='ltr'><em>ἰηεὶίοα</em></span> <span class='ocrx_word' id='word_1_244' title='bbox 371 3173 490 3254; x_wconf 68' lang='lat' dir='ltr'><strong>rtipton</strong></span> <span class='ocrx_word' id='word_1_245' title='bbox 513 3169 638 3234; x_wconf 90' lang='grc' dir='ltr'><em>καλέσαι</em></span> <span class='ocrx_word' id='word_1_246' title='bbox 659 3171 708 3233; x_wconf 78' lang='grc' dir='ltr'><em>καὶ</em></span> <span class='ocrx_word' id='word_1_247' title='bbox 731 3173 764 3234; x_wconf 86' lang='grc' dir='ltr'><em>τὸ</em></span> <span class='ocrx_word' id='word_1_248' title='bbox 779 3170 896 3252; x_wconf 77' lang='lat' dir='ltr'><strong>n‘lpton</strong></span> <span class='ocrx_word' id='word_1_249' title='bbox 921 3169 1045 3234; x_wconf 77' lang='lat' dir='ltr'><strong>inriton</strong></span> <span class='ocrx_word' id='word_1_250' title='bbox 1068 3170 1117 3233; x_wconf 79' lang='grc' dir='ltr'><em>καί</em></span> <span class='ocrx_word' id='word_1_251' title='bbox 1132 3171 1187 3257; x_wconf 85' lang='grc' dir='ltr'><em>τήν</em></span> <span class='ocrx_word' id='word_1_252' title='bbox 1202 3170 1239 3243; x_wconf 74' lang='grc' dir='ltr'><em>ἐξ</em></span> <span class='ocrx_word' id='word_1_253' title='bbox 1259 3171 1360 3260; x_wconf 73' lang='grc' dir='ltr'><em>ἀργής</em></span> 
     </span>
     <span class='ocr_line' id='line_1_28' title="bbox 231 3271 1359 3361; baseline -0.003 -22"><span class='ocrx_word' id='word_1_254' title='bbox 231 3277 275 3361; x_wconf 83' lang='grc' dir='ltr'><em>μὴ</em></span> <span class='ocrx_word' id='word_1_255' title='bbox 304 3276 440 3359; x_wconf 86' lang='grc' dir='ltr'><em>νομίμως</em></span> <span class='ocrx_word' id='word_1_256' title='bbox 467 3271 636 3358; x_wconf 91' lang='grc' dir='ltr'><em>γενομένην</em></span> <span class='ocrx_word' id='word_1_257' title='bbox 661 3272 812 3359; x_wconf 88' lang='grc' dir='ltr'><em>διαθήκην</em></span> <span class='ocrx_word' id='word_1_258' title='bbox 835 3271 954 3338; x_wconf 80' lang='lat' dir='ltr'><strong>inriton</strong></span> <span class='ocrx_word' id='word_1_259' title='bbox 981 3271 1148 3356; x_wconf 89' lang='grc' dir='ltr'><em>δυνάμεθα</em></span> <span class='ocrx_word' id='word_1_260' title='bbox 1175 3273 1278 3336; x_wconf 85' lang='grc' dir='ltr'><em>καλεῖν</em></span> <span class='ocrx_word' id='word_1_261' title='bbox 1309 3276 1359 3336; x_wconf 77' lang='grc' dir='ltr'><em>καί</em></span> 
     </span>
    </p>
   </div>
   <div class='ocr_carea' id='block_1_3' title="bbox 188 3457 1358 4294">
    <p class='ocr_par' dir='ltr' id='par_1_3' title="bbox 188 3457 1358 4208">
     <span class='ocr_line' id='line_1_29' title="bbox 188 3457 1358 3539; baseline -0.002 -25"><span class='ocrx_word' id='word_1_262' title='bbox 188 3527 193 3539; x_wconf 77' lang='lat'><strong>.</strong></span> <span class='ocrx_word' id='word_1_263' title='bbox 301 3464 324 3527; x_wconf 91' lang='lat'><em>¹)</em></span> <span class='ocrx_word' id='word_1_264' title='bbox 343 3457 445 3530; x_wconf 76' lang='grc' dir='ltr'><em>Κυκκίςο</em></span> <span class='ocrx_word' id='word_1_265' title='bbox 463 3460 525 3515; x_wconf 67' lang='grc' dir='ltr'><em>λι11.</em></span> <span class='ocrx_word' id='word_1_266' title='bbox 646 3458 670 3525; x_wconf 87' lang='grc'><em>1)</em></span> <span class='ocrx_word' id='word_1_267' title='bbox 687 3459 737 3529; x_wconf 87' lang='grc' dir='ltr'><em>τὴν</em></span> <span class='ocrx_word' id='word_1_268' title='bbox 755 3458 798 3514; x_wconf 79' lang='grc' dir='ltr'><em>αθ.</em></span> <span class='ocrx_word' id='word_1_269' title='bbox 816 3458 864 3512; x_wconf 77' lang='lat' dir='ltr'><em>L⁶.</em></span> <span class='ocrx_word' id='word_1_270' title='bbox 884 3457 925 3514; x_wconf 86' lang='lat' dir='ltr'><em>vi.</em></span> <span class='ocrx_word' id='word_1_271' title='bbox 943 3458 976 3514; x_wconf 69' lang='lat' dir='ltr'><em>R.</em></span> <span class='ocrx_word' id='word_1_272' title='bbox 1099 3459 1122 3525; x_wconf 83' lang='grc'><em>11)</em></span> <span class='ocrx_word' id='word_1_273' title='bbox 1141 3459 1172 3510; x_wconf 78' lang='grc' dir='ltr'><em>δὲ</em></span> <span class='ocrx_word' id='word_1_274' title='bbox 1189 3459 1232 3514; x_wconf 81' lang='grc' dir='ltr'><em>αδ.</em></span> <span class='ocrx_word' id='word_1_275' title='bbox 1249 3459 1312 3514; x_wconf 88' lang='lat' dir='ltr'>libri</span> <span class='ocrx_word' id='word_1_276' title='bbox 1330 3467 1358 3514; x_wconf 81' lang='lat' dir='ltr'><em>et</em></span> 
     </span>
     <span class='ocr_line' id='line_1_30' title="bbox 233 3541 1357 3613; baseline -0.002 -14"><span class='ocrx_word' id='word_1_277' title='bbox 233 3544 289 3599; x_wconf 85' lang='lat' dir='ltr'><em>ed.:</em></span> <span class='ocrx_word' id='word_1_278' title='bbox 306 3560 357 3599; x_wconf 89' lang='lat' dir='ltr'><em>nm.</em></span> <span class='ocrx_word' id='word_1_279' title='bbox 376 3546 414 3599; x_wconf 85' lang='lat' dir='ltr'><em>M.</em></span> <span class='ocrx_word' id='word_1_280' title='bbox 500 3548 524 3613; x_wconf 85' lang='lat'><em>⁴)</em></span> <span class='ocrx_word' id='word_1_281' title='bbox 542 3545 581 3599; x_wconf 78' lang='lat' dir='ltr'><em>ita</em></span> <span class='ocrx_word' id='word_1_282' title='bbox 597 3541 850 3612; x_wconf 80' lang='lat' dir='ltr'><strong>interpungendum,</strong></span> <span class='ocrx_word' id='word_1_283' title='bbox 869 3548 900 3598; x_wconf 76' lang='lat' dir='ltr'><em>nt</em></span> <span class='ocrx_word' id='word_1_284' title='bbox 918 3544 962 3596; x_wconf 90' lang='lat' dir='ltr'><em>uel</em></span> <span class='ocrx_word' id='word_1_285' title='bbox 981 3558 1017 3596; x_wconf 86' lang='lat' dir='ltr'><em>ex</em></span> <span class='ocrx_word' id='word_1_286' title='bbox 1034 3543 1095 3610; x_wconf 82' lang='lat' dir='ltr'><strong>Ep&#39;n</strong></span> <span class='ocrx_word' id='word_1_287' title='bbox 1113 3543 1206 3613; x_wconf 84' lang='lat' dir='ltr'><strong>liquet.</strong></span> <span class='ocrx_word' id='word_1_288' title='bbox 1287 3546 1312 3611; x_wconf 77' lang='lat'><em>⁵)</em></span> <span class='ocrx_word' id='word_1_289' title='bbox 1331 3543 1357 3598; x_wconf 88' lang='lat' dir='ltr'><em>d.</em></span> 
     </span>
     <span class='ocr_line' id='line_1_31' title="bbox 231 3627 1356 3698; baseline 0.002 -16"><span class='ocrx_word' id='word_1_290' title='bbox 231 3628 284 3682; x_wconf 80' lang='lat' dir='ltr'><em>M.:</em></span> <span class='ocrx_word' id='word_1_291' title='bbox 303 3629 379 3698; x_wconf 73' lang='grc' dir='ltr'><em>αὐτῷ</em></span> <span class='ocrx_word' id='word_1_292' title='bbox 396 3630 457 3682; x_wconf 75' lang='grc' dir='ltr'><em>ἐαθ.</em></span> <span class='ocrx_word' id='word_1_293' title='bbox 476 3629 525 3684; x_wconf 72' lang='lat' dir='ltr'><em>L‘.</em></span> <span class='ocrx_word' id='word_1_294' title='bbox 638 3630 662 3696; x_wconf 73' lang='grc'><em>6)</em></span> <span class='ocrx_word' id='word_1_295' title='bbox 679 3627 723 3682; x_wconf 77' lang='lat' dir='ltr'><em>Ita</em></span> <span class='ocrx_word' id='word_1_296' title='bbox 739 3627 778 3682; x_wconf 82' lang='lat' dir='ltr'><em>M.</em></span> <span class='ocrx_word' id='word_1_297' title='bbox 795 3627 845 3681; x_wconf 82' lang='lat' dir='ltr'><em>L1.</em></span> <span class='ocrx_word' id='word_1_298' title='bbox 863 3627 926 3682; x_wconf 60' lang='lat'><strong>121⁸.</strong></span> <span class='ocrx_word' id='word_1_299' title='bbox 950 3628 991 3682; x_wconf 89' lang='lat' dir='ltr'><em>Pi.</em></span> <span class='ocrx_word' id='word_1_300' title='bbox 1016 3629 1079 3697; x_wconf 79' lang='lat' dir='ltr'><em>Epi.</em></span> <span class='ocrx_word' id='word_1_301' title='bbox 1102 3627 1135 3683; x_wconf 75' lang='lat' dir='ltr'><em>F.</em></span> <span class='ocrx_word' id='word_1_302' title='bbox 1156 3629 1230 3692; x_wconf 80' lang='grc' dir='ltr'><em>ὅμως</em></span> <span class='ocrx_word' id='word_1_303' title='bbox 1246 3628 1292 3681; x_wconf 86' lang='grc' dir='ltr'><em>δεῖ</em></span> <span class='ocrx_word' id='word_1_304' title='bbox 1307 3628 1356 3684; x_wconf 71' lang='lat'><em>11⁶.</em></span> 
     </span>
     <span class='ocr_line' id='line_1_32' title="bbox 232 3713 1358 3783; baseline -0.001 -17"><span class='ocrx_word' id='word_1_305' title='bbox 232 3713 603 3783; x_wconf 64' lang='grc' dir='ltr'><em>θλ,1λ.υαίςς“.καλείμή</em></span> <span class='ocrx_word' id='word_1_306' title='bbox 623 3755 629 3768; x_wconf 92' lang='grc'><strong>.</strong></span> <span class='ocrx_word' id='word_1_307' title='bbox 648 3755 653 3766; x_wconf 96' lang='grc'><em>.</em></span> <span class='ocrx_word' id='word_1_308' title='bbox 674 3714 767 3774; x_wconf 80' lang='grc' dir='ltr'><em>,ὅλως</em></span> <span class='ocrx_word' id='word_1_309' title='bbox 782 3715 832 3772; x_wconf 80' lang='grc' dir='ltr'><em>δεῖ,</em></span> <span class='ocrx_word' id='word_1_310' title='bbox 849 3728 1001 3782; x_wconf 73' lang='lat' dir='ltr'><strong>perperam.</strong></span> <span class='ocrx_word' id='word_1_311' title='bbox 1067 3769 1069 3774; x_wconf 69' lang='grc'>,</span> <span class='ocrx_word' id='word_1_312' title='bbox 1104 3715 1127 3778; x_wconf 79' lang='lat'><em>⁷)</em></span> <span class='ocrx_word' id='word_1_313' title='bbox 1144 3714 1177 3766; x_wconf 90' lang='grc' dir='ltr'><em>τδ</em></span> <span class='ocrx_word' id='word_1_314' title='bbox 1195 3714 1290 3767; x_wconf 84' lang='grc' dir='ltr'><em>λοιπὸν</em></span> <span class='ocrx_word' id='word_1_315' title='bbox 1308 3717 1358 3766; x_wconf 86' lang='grc' dir='ltr'><em>τοῦ</em></span> 
     </span>
     <span class='ocr_line' id='line_1_33' title="bbox 231 3797 1356 3868; baseline 0 -18"><span class='ocrx_word' id='word_1_316' title='bbox 231 3799 372 3865; x_wconf 83' lang='grc' dir='ltr'><em>φαλκιδίου</em></span> <span class='ocrx_word' id='word_1_317' title='bbox 390 3801 477 3853; x_wconf 85' lang='grc' dir='ltr'><em>αὐτοῦ</em></span> <span class='ocrx_word' id='word_1_318' title='bbox 495 3799 557 3868; x_wconf 77' lang='lat' dir='ltr'><em>Epi.</em></span> <span class='ocrx_word' id='word_1_319' title='bbox 660 3800 684 3865; x_wconf 82' lang='lat'><em>⁸)</em></span> <span class='ocrx_word' id='word_1_320' title='bbox 703 3817 780 3852; x_wconf 86' lang='grc' dir='ltr'><em>-τον</em></span> <span class='ocrx_word' id='word_1_321' title='bbox 799 3798 842 3853; x_wconf 85' lang='lat' dir='ltr'><em>vi.</em></span> <span class='ocrx_word' id='word_1_322' title='bbox 860 3797 892 3854; x_wconf 79' lang='lat' dir='ltr'><em>R.</em></span> <span class='ocrx_word' id='word_1_323' title='bbox 996 3801 1021 3865; x_wconf 79' lang='grc'><em>9)</em></span> <span class='ocrx_word' id='word_1_324' title='bbox 1038 3797 1228 3864; x_wconf 78' lang='grc' dir='ltr'><em>έπανσβαίνων</em></span> <span class='ocrx_word' id='word_1_325' title='bbox 1240 3799 1285 3850; x_wconf 76' lang='grc' dir='ltr'><em>καί</em></span> <span class='ocrx_word' id='word_1_326' title='bbox 1302 3816 1356 3850; x_wconf 85' lang='grc' dir='ltr'><em>και-</em></span> 
     </span>
     <span class='ocr_line' id='line_1_34' title="bbox 233 3883 1357 3951; baseline 0.001 -17"><span class='ocrx_word' id='word_1_327' title='bbox 233 3884 277 3944; x_wconf 86' lang='grc' dir='ltr'><em>νὸς</em></span> <span class='ocrx_word' id='word_1_328' title='bbox 296 3887 379 3943; x_wconf 82' lang='grc' dir='ltr'><em>σοῦος</em></span> <span class='ocrx_word' id='word_1_329' title='bbox 395 3884 444 3937; x_wconf 83' lang='lat' dir='ltr'><em>ins.</em></span> <span class='ocrx_word' id='word_1_330' title='bbox 463 3883 506 3938; x_wconf 81' lang='lat' dir='ltr'><em>Vi.</em></span> <span class='ocrx_word' id='word_1_331' title='bbox 524 3886 556 3939; x_wconf 84' lang='lat' dir='ltr'><em>R.</em></span> <span class='ocrx_word' id='word_1_332' title='bbox 695 3885 730 3949; x_wconf 85' lang='lat'><em>10)</em></span> <span class='ocrx_word' id='word_1_333' title='bbox 748 3887 819 3935; x_wconf 81' lang='grc' dir='ltr'><em>ποιεῖ</em></span> <span class='ocrx_word' id='word_1_334' title='bbox 834 3883 877 3939; x_wconf 84' lang='lat' dir='ltr'><em>Vi.</em></span> <span class='ocrx_word' id='word_1_335' title='bbox 895 3884 927 3939; x_wconf 78' lang='lat' dir='ltr'>R</span> <span class='ocrx_word' id='word_1_336' title='bbox 1065 3885 1101 3949; x_wconf 92' lang='grc'><em>11)</em></span> <span class='ocrx_word' id='word_1_337' title='bbox 1118 3887 1167 3935; x_wconf 85' lang='grc' dir='ltr'><em>τοῦ</em></span> <span class='ocrx_word' id='word_1_338' title='bbox 1184 3884 1303 3951; x_wconf 79' lang='lat' dir='ltr'><strong>expunxi</strong></span> <span class='ocrx_word' id='word_1_339' title='bbox 1322 3898 1357 3938; x_wconf 82' lang='lat' dir='ltr'><em>ex</em></span> 
     </span>
     <span class='ocr_line' id='line_1_35' title="bbox 232 3967 1357 4038; baseline -0.001 -16"><span class='ocrx_word' id='word_1_340' title='bbox 232 3969 271 4022; x_wconf 83' lang='lat' dir='ltr'><em>M.</em></span> <span class='ocrx_word' id='word_1_341' title='bbox 289 3967 338 4021; x_wconf 78' lang='lat' dir='ltr'><em>L1.</em></span> <span class='ocrx_word' id='word_1_342' title='bbox 357 3968 407 4022; x_wconf 70' lang='lat'><em>11⁶.</em></span> <span class='ocrx_word' id='word_1_343' title='bbox 529 3971 564 4036; x_wconf 81' lang='grc'><em>11)</em></span> <span class='ocrx_word' id='word_1_344' title='bbox 580 3970 677 4025; x_wconf 78' lang='lat' dir='ltr'><strong>irriton</strong></span> <span class='ocrx_word' id='word_1_345' title='bbox 693 3969 720 4022; x_wconf 89' lang='lat' dir='ltr'><em>h.</em></span> <span class='ocrx_word' id='word_1_346' title='bbox 738 3969 756 4024; x_wconf 92' lang='lat' dir='ltr'><em>l.</em></span> <span class='ocrx_word' id='word_1_347' title='bbox 773 3969 812 4023; x_wconf 89' lang='lat' dir='ltr'><em>M.</em></span> <span class='ocrx_word' id='word_1_348' title='bbox 830 3969 892 4023; x_wconf 82' lang='lat' dir='ltr'><strong>Ll.:</strong></span> <span class='ocrx_word' id='word_1_349' title='bbox 911 3969 1018 4038; x_wconf 82' lang='grc' dir='ltr'><em>ῖνριτυν</em></span> <span class='ocrx_word' id='word_1_350' title='bbox 1039 3969 1116 4023; x_wconf 77' lang='lat' dir='ltr'><strong>Ll⁸.:</strong></span> <span class='ocrx_word' id='word_1_351' title='bbox 1134 3983 1287 4038; x_wconf 69' lang='lat' dir='ltr'><strong>perperam,</strong></span> <span class='ocrx_word' id='word_1_352' title='bbox 1305 3983 1357 4023; x_wconf 81' lang='lat' dir='ltr'><em>em.</em></span> 
     </span>
     <span class='ocr_line' id='line_1_36' title="bbox 232 4051 1356 4126; baseline -0.003 -20"><span class='ocrx_word' id='word_1_353' title='bbox 232 4051 265 4106; x_wconf 78' lang='lat' dir='ltr'>R</span> <span class='ocrx_word' id='word_1_354' title='bbox 283 4051 391 4121; x_wconf 81' lang='grc' dir='ltr'><em>ίρρίταυ</em></span> <span class='ocrx_word' id='word_1_355' title='bbox 410 4054 437 4122; x_wconf 89' lang='lat' dir='ltr'><em>[i.</em></span> <span class='ocrx_word' id='word_1_356' title='bbox 457 4069 479 4108; x_wconf 84' lang='grc' dir='ltr'><em>θ.</em></span> <span class='ocrx_word' id='word_1_357' title='bbox 498 4055 609 4126; x_wconf 63' lang='grc' dir='ltr'><em>πάθος)</em></span> <span class='ocrx_word' id='word_1_358' title='bbox 720 4054 756 4121; x_wconf 79' lang='grc'><em>11)</em></span> <span class='ocrx_word' id='word_1_359' title='bbox 774 4055 887 4125; x_wconf 82' lang='grc' dir='ltr'><em>-σταίη</em></span> <span class='ocrx_word' id='word_1_360' title='bbox 906 4053 938 4109; x_wconf 83' lang='lat' dir='ltr'><em>F.</em></span> <span class='ocrx_word' id='word_1_361' title='bbox 955 4069 1016 4109; x_wconf 79' lang='lat' dir='ltr'><em>eum</em></span> <span class='ocrx_word' id='word_1_362' title='bbox 1034 4054 1073 4109; x_wconf 81' lang='lat' dir='ltr'><em>M.</em></span> <span class='ocrx_word' id='word_1_363' title='bbox 1092 4053 1142 4108; x_wconf 84' lang='lat' dir='ltr'><em>Ll.</em></span> <span class='ocrx_word' id='word_1_364' title='bbox 1258 4054 1294 4117; x_wconf 80' lang='grc'><em>11)</em></span> <span class='ocrx_word' id='word_1_365' title='bbox 1311 4070 1356 4104; x_wconf 84' lang='grc' dir='ltr'><em>τε-</em></span> 
     </span>
     <span class='ocr_line' id='line_1_37' title="bbox 232 4136 1102 4208; baseline 0.002 -18"><span class='ocrx_word' id='word_1_366' title='bbox 232 4136 357 4190; x_wconf 84' lang='grc' dir='ltr'><em>λευταίαν</em></span> <span class='ocrx_word' id='word_1_367' title='bbox 375 4137 425 4191; x_wconf 61' lang='grc' dir='ltr'><em>Ιτθ.</em></span> <span class='ocrx_word' id='word_1_368' title='bbox 526 4139 562 4206; x_wconf 76' lang='grc'><em>16)</em></span> <span class='ocrx_word' id='word_1_369' title='bbox 581 4140 610 4191; x_wconf 73' lang='grc' dir='ltr'><em>δν</em></span> <span class='ocrx_word' id='word_1_370' title='bbox 631 4141 692 4200; x_wconf 83' lang='grc' dir='ltr'><em>ταῖς</em></span> <span class='ocrx_word' id='word_1_371' title='bbox 708 4140 780 4193; x_wconf 83' lang='grc' dir='ltr'><em>διαθ.</em></span> <span class='ocrx_word' id='word_1_372' title='bbox 798 4140 861 4207; x_wconf 86' lang='grc' dir='ltr'><em>τρία</em></span> <span class='ocrx_word' id='word_1_373' title='bbox 878 4158 905 4193; x_wconf 92' lang='grc' dir='ltr'><em>π.</em></span> <span class='ocrx_word' id='word_1_374' title='bbox 922 4156 1020 4207; x_wconf 82' lang='grc' dir='ltr'><em>παρεν,</em></span> <span class='ocrx_word' id='word_1_375' title='bbox 1040 4139 1102 4208; x_wconf 77' lang='lat' dir='ltr'><em>Epi.</em></span> 
     </span>
    </p>

    <p class='ocr_par' dir='ltr' id='par_1_4' title="bbox 273 4221 883 4294">
     <span class='ocr_line' id='line_1_38' title="bbox 273 4221 883 4294; baseline 0.003 -20"><span class='ocrx_word' id='word_1_376' title='bbox 273 4254 276 4260; x_wconf 87' lang='lat'><em>-</em></span> <span class='ocrx_word' id='word_1_377' title='bbox 300 4223 328 4287; x_wconf 80' lang='lat' dir='ltr'><em>n)</em></span> <span class='ocrx_word' id='word_1_378' title='bbox 344 4221 385 4277; x_wconf 82' lang='lat' dir='ltr'><em>cf.</em></span> <span class='ocrx_word' id='word_1_379' title='bbox 403 4222 463 4291; x_wconf 84' lang='lat' dir='ltr'><em>Epi.</em></span> <span class='ocrx_word' id='word_1_380' title='bbox 483 4226 525 4289; x_wconf 80' lang='lat'><em>30,</em></span> <span class='ocrx_word' id='word_1_381' title='bbox 543 4227 569 4280; x_wconf 83' lang='lat'><em>3.</em></span> <span class='ocrx_word' id='word_1_382' title='bbox 672 4225 700 4294; x_wconf 91' lang='lat' dir='ltr'><em>b)</em></span> <span class='ocrx_word' id='word_1_383' title='bbox 718 4223 779 4292; x_wconf 78' lang='lat' dir='ltr'><em>Epi.</em></span> <span class='ocrx_word' id='word_1_384' title='bbox 797 4227 840 4288; x_wconf 83' lang='lat'><em>30,</em></span> <span class='ocrx_word' id='word_1_385' title='bbox 858 4228 883 4280; x_wconf 79' lang='lat'><em>3.</em></span> 
     </span>
    </p>
   </div>
   <div class='ocr_carea' id='block_1_4' title="bbox 0 0 1544 4882">
    <p class='ocr_par' dir='ltr' id='par_1_5' title="bbox 0 0 1544 4882">
     <span class='ocr_line' id='line_1_39' title="bbox 0 0 1544 4882; baseline 0 0"><span class='ocrx_word' id='word_1_386' title='bbox 0 0 1544 4882; x_wconf 95' lang='lat' dir='ltr'><em> </em></span> 
     </span>
    </p>
   </div>
  </div>
 </body>
</html>
