2990 4884
574 405 801 470 ...106-

80 597 223 668 pecudeo
244 609 312 658 meo
334 592 506 674 pertineret
528 592 673 659 dominio.
716 593 767 657 23.
800 590 833 658 Si
854 590 991 658 uuturoli
1012 591 1104 657 alueo
1125 591 1156 657 iu
1179 592 1245 656 uui·

126 729 254 777 uersum
278 711 436 788 derelicto,
459 712 521 776 elic
543 717 632 794 purte
654 710 750 777 flucre
772 710 911 793 coeperit
925 709 1049 789 flumen,
1071 711 1157 791 prior
1178 710 1245 792 qui·

126 833 197 896 dem
227 829 337 897 alueus
367 851 473 898 eorum
497 833 566 908 erit,
589 833 642 914 qui
665 849 761 913 prope
788 832 885 912 ripam
915 832 982 896 eius
1011 829 1128 911 praede
1148 831 1244 912 possi·

125 952 202 1016 deut
224 969 280 1032 pro
302 948 393 1014 modo
416 949 532 1016 scilicet
553 949 726 1015 latitudiuis
748 950 899 1032 cuiusque
920 951 998 1030 egri,
1022 951 1075 1032 qui
1098 949 1244 1032 utrinque

124 1069 177 1147 sit,
200 1087 284 1149 quoe
306 1070 440 1135 latitudo
462 1088 559 1152 prope
581 1069 680 1151 ripum
704 1072 760 1135 sit:
791 1088 891 1134 nouus
913 1075 1017 1135 autem
1047 1068 1156 1135 alueus
1178 1068 1245 1134 eius
1278 1067 1295 1119 ὕ

124 1189 204 1254 iuris
228 1208 296 1256 esse
319 1189 438 1272 incipit,
461 1189 551 1256 cuius
566 1196 598 1254 et
613 1192 713 1271 ipsum
729 1187 853 1266 flumen,
874 1189 906 1253 id
922 1194 971 1255 est
986 1187 1110 1270 publici.
1132 1189 1244 1269 quodsi

125 1315 198 1391 post
219 1310 344 1390 aliquod
366 1316 489 1392 tempus
511 1310 551 1374 ud
578 1309 712 1391 priorem
736 1308 860 1375 alueum
888 1323 1048 1375 reuersum
1073 1307 1168 1374 luerit
1189 1306 1244 1373 flu·

125 1447 205 1507 meu,
230 1447 341 1492 rursus
363 1428 417 1509 qui
440 1447 521 1494 nunc
543 1428 673 1493 relictus
695 1433 743 1494 est
769 1428 879 1494 alueus
906 1445 1012 1494 eorum
1042 1442 1110 1492 esse
1134 1427 1244 1509 incipit

78 1575 114 1626 24.
123 1553 176 1634 qui
200 1569 298 1632 prope
319 1551 417 1632 ripam
441 1551 509 1616 eius
532 1550 660 1632 praedio
681 1550 851 1632 possident
886 1549 936 1612 24.
960 1545 1029 1613 Alis
1051 1565 1126 1613 seue
1148 1565 1244 1614 causa

125 1677 174 1736 est
196 1671 225 1736 si
247 1669 362 1735 flumen
390 1669 480 1750 aquis
509 1668 689 1735 redundans
717 1687 818 1733 meum
845 1667 1045 1734 iuunduuerit
1066 1666 1242 1747 praedium:
1262 1673 1295 1726 10

122 1798 197 1858 tuuc
220 1792 302 1858 euim
324 1809 385 1856 nou
413 1791 544 1856 dicimus
565 1789 725 1872 praedium
747 1788 903 1870 publicum
926 1786 994 1854 fieri
1017 1806 1119 1869 neque
1146 1786 1243 1852 domi-

124 1911 210 1976 nium
227 1917 365 1989 mutare3
383 1915 488 1976 mouet
502 1910 582 1976 euim
598 1909 797 1975 nihilominus
812 1925 925 1976 meum.
952 1925 1049 1988 quere
1064 1907 1091 1972 si
1106 1924 1242 1973 recesse-

123 2031 166 2095 rit
178 2029 293 2096 flumen
310 2031 349 2097 ab
366 2029 415 2094 his
429 2030 516 2106 locis,
539 2047 617 2112 quos
639 2029 792 2094 iuunduus
815 2027 984 2110 cooperuit,
1007 2043 1108 2093 meum
1131 2044 1240 2107 ugrum

122 2151 279 2231 recipiam,
295 2168 396 2230 neque
411 2149 579 2216 dominium
597 2149 636 2214 iis
651 2149 828 2232 pertinebit,
844 2148 897 2232 qui
913 2167 1009 2231 prope
1024 2146 1137 2212 flumen
1153 2162 1250 2228 prae'

122 2259 174 2335 diu
188 2269 366 2351 possideut3
381 2268 474 2334 sicuti
489 2285 590 2334 nouus
604 2269 714 2334 alueus
729 2267 871 2350 publicus
885 2267 996 2347 luctus,
1011 2264 1137 2332 flumine
1159 2285 1242 2331 recc-
1261 2281 1292 2333 15

76 2392 231 2467 rodente,
260 2408 366 2456 eorum
388 2388 424 2453 fit
446 2389 501 2471 qui
522 2407 619 2470 prope
646 2388 745 2469 ripum
775 2385 905 2469 praedic
934 2385 1060 2451 habeut.
1111 2385 1161 2449 25.
1194 2385 1242 2450 Ex

126 2509 229 2575 ulieuu
251 2508 384 2573 materia
406 2508 539 2591 speciem
561 2507 632 2587 quis
654 2506 741 2572 lecit:
769 2503 932 2588 quaeritur
958 2511 1030 2570 uter
1051 2503 1166 2586 speciei
1188 2522 1241 2570 no·
1300 2573 1303 2580 ,

123 2629 217 2694 turuli
238 2629 360 2694 ratione
382 2626 525 2692 domiuus
547 2627 598 2701 sit,
621 2632 727 2692 utrum
743 2625 797 2708 qui
812 2625 973 2690 motorium
989 2625 1028 2690 ud
1044 2623 1178 2704 speciem
1193 2642 1242 2688 ro·

123 2748 220 2827 duxit,
243 2765 283 2812 au
306 2745 411 2827 potius
433 2746 582 2812 materiae
604 2745 746 2811 dominus
775 2745 891 2828 speciei
917 2761 1041 2824 quoque
1070 2742 1241 2823 proprieta-

123 2873 183 2932 tem
206 2865 416 2932 nanciscatur.
459 2871 495 2930 ut
516 2884 603 2942 ecce,
626 2884 664 2930 ex
685 2865 794 2930 alienis
816 2863 888 2930 uuis
909 2868 965 2928 eut
987 2863 1079 2928 oliuis
1105 2867 1161 2928 sut
1182 2861 1241 2944 spi·
1257 2875 1292 2926 20

125 2986 165 3052 cis
193 2987 301 3051 uinum
329 2991 386 3050 out
419 2985 520 3053 oleum
554 2991 610 3050 aut
641 2985 830 3050 frumentum
864 2982 948 3062 lecit,
980 2988 1037 3047 eut
1069 3002 1106 3048 ex
1138 2998 1241 3046 mussa

125 3103 224 3171 ulieua
247 3105 316 3170 auri
338 3109 395 3171 out
415 3105 537 3186 argenti
565 3110 622 3170 out
649 3105 730 3170 ueris
759 3121 817 3169 uus
845 3101 972 3186 aliquod
999 3101 1089 3178 iecit,
1117 3101 1168 3167 uel
1202 3117 1240 3164 ex
1296 3085 1301 3092 ’

123 3225 221 3291 alieno
250 3225 325 3290 uiuo
353 3230 387 3291 et
414 3223 504 3290 melle
533 3225 666 3290 mulsum
695 3223 836 3300 miscuit,
864 3222 916 3289 uel
943 3240 982 3287 ex
1007 3201 1117 3286 olienis
1143 3217 1240 3283 medi-

127 3343 276 3408 camentis
298 3343 500 3425 emplastrum
523 3347 580 3408 out
601 3341 761 3426 collyrium
784 3342 975 3422 composuit,
1004 3338 1055 3405 uel
1078 3335 1239 3402 exulicuc

123 3463 190 3528 lona
212 3469 333 3528 uestem
356 3462 438 3540 iecit,
461 3463 512 3528 uel
534 3461 702 3528 euclionis
724 3461 840 3528 tubulis
862 3478 974 3526 nauem
996 3457 1048 3526 uel
1070 3455 1239 3522 armarium
1256 3485 1290 3538 25

125 3585 172 3649 uel
193 3581 377 3650 subsellium
399 3582 575 3650 fabricauit.
620 3589 653 3648 ot
674 3586 765 3648 eruut
785 3581 825 3648 de
847 3579 905 3647 hoc
926 3580 1032 3662 plures
1054 3577 1239 3658 ambiguita-
