3096 4890
715 395 927 460 ...m-

263 583 362 670 θερον
384 580 461 646 εἶναι
483 585 517 648 τὸ
540 583 723 668 τικτόμενον.
773 581 865 666 ἀρκεῖ
890 580 952 666 γὰρ
982 583 1028 666 τῷ
1055 575 1121 646 ὄντι
1150 578 1186 645 ἐν
1215 577 1326 663 γαστρί
1351 579 1388 642 τδ

264 687 342 751 κατὰ
375 687 411 749 τὸ
438 685 538 770 μέσον
567 685 706 769 καιρδνῙ)
739 681 913 768 ἐλευθέραν
942 680 1020 748 εἶναι
1047 682 1103 768 τὴν
1127 679 1263 768 μητέρα·
1306 670 1389 764 ὅπερ

264 790 313 852 καί
335 786 454 876 ἀληθές
475 786 569 852 ἐστιν.
617 789 644 850 1.
682 787 700 849 ό
722 786 759 849 δὲ
781 785 958 868 τικτόμενος
979 783 1108 870 εὐγενὴς
1129 781 1186 847 ἐὰν
1212 781 1248 846 ἐν
1276 780 1388 867 ἀγνοίᾳ
1407 799 1435 851 1,

266 894 321 977 ιῆς
342 888 455 983 οἰκείας
476 883 628 976 δουλεόοη
652 886 790 976 τόγηςβ)
808 885 874 950 εἶτα
894 883 1117 972 ἐλευθερωθῄ,
1145 883 1293 966 οὐδεμίαν
1315 882 1390 946 διιο-
1530 917 1536 926 ·

231 993 411 1079 ςστὴσεται
440 991 512 1074 περ)
538 989 594 1075 τὴν
623 989 779 1072 εὐγένειαν
805 987 931 1074 βλάβην
965 986 1004 1053 ἐκ
1034 989 1092 1054 τοῦ
1119 983 1388 1073 έλευθερυδῆναι,

266 1097 356 1160 τοῦτο
371 1093 433 1180 γὰρ
450 1094 594 1169 πολλάκις
613 1094 681 1166 ταῖς
701 1090 874 1173 βασιλικαῖς
896 1089 1015 1177 εἴρηται
1037 1089 1212 1167 διατόξεσι,
1236 1089 1290 1176 την
1312 1087 1391 1150 κατὰ

263 1197 300 1260 τὸ
322 1198 464 1280 περιττὸν
486 1194 650 1282 διδομένην
672 1190 858 1276 ἐλευθερίαν
881 1192 1036 1278 πρόκριμα
1055 1191 1100 1277 μὴ
1123 1193 1220 1254 ποιεῖν
1242 1192 1279 1276 τῇ
1302 1189 1390 1272 εὐγε-

266 1297 343 1384 νείᾳ.
387 1298 437 1360 καί
459 1301 527 1369 πῶς
549 1294 713 1380 συμβαίνει
736 1295 788 1357 τὸν
811 1293 922 1379 εὐγενῆ
945 1291 1222 1379 ἐλευθερωθῇναις
1253 1289 1389 1375 εἴπωμεν

265 1399 310 1473 ὡς
341 1397 391 1462 ἐπὶ
421 1396 566 1481 θέματος.
622 1394 705 1484 είχον
737 1395 803 1477 ἐγὼ
836 1393 1010 1480 ἐλευθέραν
1043 1418 1112 1458 τινα
1146 1398 1276 1476 γυναῖκα
1309 1395 1390 1478 πρὸς
1522 1389 1528 1402 ’

216 1522 249 1575 1⁰
266 1498 444 1587 ὑπηρεσίαν.
487 1497 610 1561 τέτοκεν
640 1497 718 1583 αότη
729 1495 765 1580 ¹)
816 1495 1004 1561 ἐνιαυσιαῖον
1032 1496 1126 1580 λόγου
1151 1499 1243 1584 χάριν
1270 1497 1391 1559 καταλι·

265 1603 369 1667 ποῦσα
391 1602 425 1664 τδ
449 1598 558 1687 τεχθὲν
592 1598 795 1686 ἐτελεύτησε·
833 1599 953 1684 συνέβη
978 1598 1055 1683 κάμὲ
1077 1601 1259 1686 τελευτῆσαι
1277 1598 1390 1682 μικρὸν

265 1701 407 1787 ὕστερον.
449 1700 566 1784 όέμδς
592 1701 787 1788 κληρονόμος
813 1696 919 1785 εὑρὼν
940 1699 976 1766 ἐν
1006 1701 1130 1788 τῇέμῇ
1159 1699 1324 1785 περιουσίᾳ
1355 1701 1390 1762 τδ

265 1803 396 1884 παιδίον,
418 1801 563 1888 ἐνόμισεν
584 1802 662 1868 εἶναι
684 1803 807 1869 δοῦλον.
845 1805 895 1868 καὶ
916 1803 992 1869 αὐτὸ
1014 1805 1108 1868 δὲτὸ
1131 1803 1252 1868 παιδίον
1274 1801 1390 1866 τέλειον

265 1906 394 1989 γεγονὸς
414 1907 470 1993 τὴν
493 1905 605 1968 οἰκείαν
625 1905 731 1992 ἠγνόει
752 1905 857 1994 τύχην.
900 1907 977 1970 όδέ
1008 1907 1103 1992 νόμος
1132 1906 1226 1984 είδδις
1255 1907 1289 1969 τὸ
1318 1905 1389 1991 δληι

217 2030 249 2082 15
267 2005 324 2083 θὲς
345 2006 381 2070 ἐκ
401 2011 458 2094 τῆς
478 2010 535 2071 τοῦ
556 2006 749 2093 κληρονόμου
773 2007 931 2091 άγνοίαςέ)
958 2009 1007 2071 καὶ
1035 2013 1093 2094 τῆς
1121 2006 1219 2074 αὐτοῦ
1246 2011 1301 2073 τοῦ
1323 2030 1390 2070 παι-

266 2107 334 2173 δίου
356 2107 474 2197 πλάνης
495 2107 551 2172 οὐκ
570 2107 702 2197 ἤρειδεν
726 2108 842 2195 αὐτῷ’)
864 2111 919 2196 τὴν
941 2108 1097 2191 εὐγένειαν
1120 2109 1156 2188 εί,
1170 2110 1253 2193 καὶὸ)
1275 2109 1293 2174 δ
1315 2110 1391 2195 ἐμὸς

267 2211 427 2297 πειραθεὶς
454 2211 646 2299 κληρονόμος
672 2211 779 2298 ευνοίᾳ
808 2211 920 2275 έαύτού
948 2209 1217 2298 ἠλευθέρωσενί).
1265 2213 1286 2294 ἡ
1314 2211 1390 2275 κατὰ

264 2316 301 2378 τὸ
324 2336 467 2400 περιττον
488 2313 550 2398 γὰρ
572 2313 619 2388 ὡς
639 2311 759 2400 είρηται
787 2312 996 2396 προςτεθεῒσα
1026 2311 1227 2398 έλευθερίαῖ)
1257 2313 1309 2377 διὰ
1335 2313 1390 2399 τὴν

265 2415 374 2503 ψευδῆ,
390 2415 533 2481 δουλείαν
556 2415 611 2502 τὴν
633 2415 671 2490 έξ
690 2413 842 2503 ἀληθείας
863 2415 918 2480 οὐκ
938 2415 1066 2504 ἠδίκησε
1088 2417 1142 2503 τὴν
1166 2415 1332 2499 εὐγένειαν.

209 3081 248 3141 2⁰
576 3039 626 3106 De
646 3040 811 3109 libertinis
854 3041 979 3109 Titulus
1000 3044 1066 3128 5.·)

350 3193 525 3281 δλρηκαμεν
548 3193 626 3269 τίνες
647 3193 722 3258 είσὶν
745 3192 894 3277 εὐγενεῖς,
916 3193 1052 3278 εἴπωμεν
1080 3195 1130 3258 καὶ
1159 3193 1232 3272 τούς
1257 3196 1387 3262 ἀπελευ-

263 3294 390 3381 θέρους.
434 3294 679 3382 δπελεόθερόςδ)
702 3295 785 3360 ἐστιν
806 3296 825 3361 ό
846 3297 881 3360 ἐκ
902 3296 1024 3373 δικαίας
1045 3295 1188 3374 δουλείας
1210 3297 1387 3381 ἐλευθεριο-

263 3398 340 3478 θείς.
384 3400 522 3484 πρόςθες
543 3400 651 3466 δὲκαὶ
677 3400 858 3484 ἐννόμου.
887 3397 1001 3465 οὐκοῦν
1023 3397 1241 3483 δπελεύθερός
1261 3399 1344 3464 ἐστιν
1365 3402 1384 3464 ό

264 3501 300 3567 ἐκ
319 3501 439 3578 δικαίας
460 3505 508 3566 καὶ
530 3502 662 3586 ἐννόμου
684 3501 827 3578 δουλείας
855 3500 1096 3584 έλευθεριοθείς.
1142 3501 1317 3586 πρόσκειται
1337 3504 1387 3588 τῷ

212 3641 246 3694 25
263 3604 333 3691 όρῳ
348 3603 506 3680 δικαίας
519 3603 567 3669 ἵνα
581 3603 680 3678 έξέλιο
697 3607 749 3668 τὸν
764 3604 797 3668 ἐν
813 3603 924 3690 ἀγνοίᾳ
946 3608 1002 3692 τῆς
1023 3601 1139 3681 οἰκείας
1154 3602 1385 3689 δυυλεόοντᾳω)

330 3827 355 3895 1)
370 3826 456 3890 μέσον
474 3828 526 3880 τοῦ
547 3829 642 3897 καιροῦ
663 3827 693 3880 Ρ.
830 3825 854 3883 ἲ)
878 3825 922 3881 καί
944 3825 1006 3883 εδδ.
1029 3825 1062 3884 R
1199 3828 1223 3898 ι)
1247 3826 1334 3884 αὐτοῦ
1346 3829 1386 3886 Ῥ.

261 3911 287 3979 4)
303 3911 345 3968 (λθ.
363 3911 396 3966 Β.
499 3914 522 3981 ⁵)
540 3909 589 3964 κᾶν
607 3911 639 3966 F.
656 3911 690 3967 R.
792 3914 817 3982 ο)
834 3911 877 3968 de.
894 3913 924 3982 Ρ,
943 3913 990 3982 qui
1007 3929 1058 3982 pro
1075 3913 1119 3969 his
1130 3913 1226 3969 habet:
1244 3919 1292 3985 τῆς
1310 3913 1386 3983 εὐγε·

263 3996 337 4057 νκίας
353 3994 438 4050 αὐτδν
457 3997 616 4064 ἀπεστέρει.
717 3998 741 4063 1)
758 3996 797 4052 λλ.
814 4015 913 4067 προστ.
930 3999 962 4055 Ρ.
1066 3999 1089 4068 ⁸)
1107 4001 1173 4071 περί
1188 3999 1385 4070 ἀπελευθέραν

262 4079 325 4135 libri
341 4087 370 4137 et
387 4080 447 4139 edd.
470 4097 570 4138 omnes.
724 4083 748 4152 ⁹)
770 4083 802 4137 δέ
822 4083 871 4139 ins.
890 4085 923 4140 R.
1077 4091 1115 4158 1⁰)
1140 4087 1328 4144 δουλεόσαντα
1352 4082 1386 4141 R

332 4169 359 4235 ι)
376 4166 440 4237 Epi.
456 4170 501 4233 88.
518 4169 543 4225 7.
