3022 4884
582 394 818 460 -152-

141 579 192 646 his
215 579 325 662 itaque
346 585 478 662 apparet
498 599 556 663 per
578 580 694 647 liberos
715 581 873 660 homines,
903 581 957 662 qni
980 586 1087 646 nostro
1108 579 1170 646 iuri
1191 579 1265 645 sub·

140 698 217 765 isati
237 717 299 764 non
321 703 395 764 sunt
416 718 518 782 neque
540 701 622 766 bona
643 697 706 768 fide
727 699 818 766 nobis
841 700 993 774 seruiunt,
1016 701 1091 768 item
1112 716 1170 782 per
1191 695 1264 764 ulie·

138 835 198 884 nos
222 836 346 898 samos,
369 819 401 883 in
423 819 536 900 quibus
557 837 660 902 nequo
682 817 911 886 usumfructum
934 838 1035 902 neque
1064 820 1165 885 bonae
1190 816 1263 883 fidei

138 938 369 1019 possessiouem
392 938 557 1017 habemns,
586 937 672 1004 nulla
699 957 737 1004 ex
766 955 862 1004 causa
892 939 980 1004 nobis
1010 938 1134 1019 adquiri
1160 955 1261 1020 posse.

138 1062 171 1120 et
193 1056 253 1122 hoc
275 1057 429 1137 estquod
452 1056 547 1140 uulgo
570 1057 686 1123 dicitur
707 1075 764 1140 per
794 1063 973 1124 extraneam
1000 1074 1164 1137 personam
1186 1056 1262 1122 nihil
1296 1056 1313 1106 ⁵

136 1175 263 1258 adquiri
284 1194 393 1258 posse:
416 1182 545 1258 excepto
567 1195 642 1243 casu
665 1195 757 1259 quem
780 1195 862 1242 nunc
884 1193 1102 1258 proponemus.
1138 1177 1165 1241 si
1188 1196 1262 1244 uen-

136 1292 256 1359 didarit
276 1295 346 1376 quis
369 1294 444 1361 mihi
467 1294 632 1375 praedium
655 1294 718 1361 alia
740 1296 866 1378 regione
885 1297 1032 1378 positum,
1054 1295 1169 1363 deinde
1190 1314 1261 1362 cum

135 1412 212 1480 illuc
234 1411 401 1494 peruenire
422 1433 485 1481 uon
506 1414 633 1497 possim,
656 1421 890 1496 procuratorem
913 1433 1016 1482 meum
1038 1417 1183 1494 miserim,
1206 1417 1262 1498 qui

134 1531 366 1613 possessionem
388 1533 589 1614 praediorum
612 1533 773 1615 suscipiat,
803 1533 989 1618 adquiratur
1011 1535 1086 1601 mihi
1108 1555 1165 1617 per
1186 1554 1261 1601 eun·

135 1651 207 1716 dem
237 1652 402 1733 possessio.
455 1651 539 1734 quod
569 1671 629 1717 non
654 1659 776 1719 tantum
805 1653 975 1719 scientibus
1004 1656 1094 1721 nobis
1123 1655 1312 1735 obuenit,10

134 1775 184 1836 set
207 1772 301 1837 etiam
324 1771 353 1836 si
381 1770 598 1853 ignorantibus
626 1772 715 1839 nobis
745 1771 866 1853 aliquid
893 1779 1001 1838 nostro
1030 1774 1154 1838 nomine
1183 1773 1259 1856 ipsis

134 1891 251 1968 detur,
288 1890 446 1974 possessio
487 1893 575 1957 nobis
614 1892 800 1973 quaeritur,
841 1892 923 1959 siout
963 1893 1032 1959 uult
1078 1893 1258 1978 constitutio

134 2010 201 2076 diui
225 2011 346 2077 Seueri.
398 2016 536 2077 ceterum
565 2011 764 2094 possessione
794 2011 884 2078 nobis
912 2012 1071 2093 quaesita,
1102 2012 1198 2076 tacite
1227 2019 1259 2079 et

132 2130 306 2196 dominium
328 2131 479 2211 seqnitur,
503 2132 530 2196 si
552 2131 645 2197 modo
667 2133 810 2197 dominus
831 2132 874 2197 sit
901 2132 954 2214 qui
981 2131 1089 2197 tradit.
1134 2133 1183 2197 sin
1204 2149 1255 2196 au-

132 2256 197 2314 tem
222 2249 365 2317 dominus
393 2267 455 2317 non
481 2249 593 2328 fuerit,
624 2268 680 2334 per
708 2251 929 2331 usucapionem
954 2250 1079 2332 longiae
1106 2248 1258 2331 temporis
1278 2260 1309 2312 15

91 2368 362 2452 spossessi0nem
395 2369 532 2436 traditae
563 2371 608 2436 rei
641 2369 865 2452 proprietatem
898 2369 1063 2452 adipiscar.
1119 2371 1148 2432 6.
1176 2369 1257 2434 Hac-

131 2494 226 2554 tenus
259 2489 413 2572 tantisper
441 2490 640 2556 admonuisse
675 2489 792 2555 suificit
825 2487 1086 2568 quemadmodum
1116 2489 1257 2570 singulae

130 2627 181 2673 res
205 2608 295 2674 nobis
316 2609 534 2691 adquirentur.
579 2615 628 2675 est
655 2615 687 2675 et
714 2609 795 2673 alius
822 2607 950 2691 quidam
979 2585 1163 2688 adquirendi
1192 2625 1257 2672 mo

130 2727 202 2807 dus,
221 2727 346 2794 'scilicet
366 2727 515 2812 legatum,
536 2747 593 2810 per
615 2729 699 2809 quod
721 2728 862 2810 singulae
891 2746 942 2794 res
970 2727 1060 2793 nobis
1088 2709 1257 2808 adquirunss

129 2854 192 2913 tur.
247 2848 323 2914 item
350 2847 401 2914 ius
433 2847 759 2928 fideicommissorum,
791 2866 847 2929 per
876 2867 958 2930 quae
989 2848 1084 2914 etiam
1113 2846 1256 2929 singulae
1273 2847 1308 2900 20

129 2984 181 3033 res
210 2967 300 3033 nobis
329 2967 463 3047 relinqui
491 2972 637 3048 possunt;
670 2983 752 3048 quae
782 2967 988 3049 opportunius
1015 2965 1161 3032 inferiore
1188 2965 1255 3032 loco

128 3086 311 3152 referemus.
355 3089 463 3170 itaque
484 3088 727 3171 adquisitionnm
756 3087 839 3154 modi
869 3092 925 3152 aut
952 3085 1103 3151 naturalis
1133 3090 1188 3150 aut
1214 3085 1255 3150 ci·

128 3205 202 3271 uilis
223 3205 304 3272 iuris
327 3213 411 3272 sunt.
461 3207 620 3273 naturales
649 3207 775 3290 quidem
804 3212 878 3272 sunt
899 3203 1012 3285 XIIII,
1035 3205 1134 3270 idest:
1164 3201 1254 3269 lue

129 3327 224 3390 natio.
269 3323 303 3387 11
324 3327 452 3406 praeda.
497 3325 544 3392 III
566 3325 666 3409 lapilli
687 3327 720 3391 in
749 3327 842 3392 litore
868 3326 1000 3391 inuenti.
1045 3320 1110 3386 ΠΗ
1132 3328 1254 3389 nostro·

127 3463 198 3510 rum
228 3444 410 3511 animadum
437 3443 520 3511 fetus
551 3445 588 3510 V.
638 3445 764 3510 allunio.
817 3445 862 3509 Vl
891 3443 994 3511 insula
1029 3444 1060 3507 ln
1089 3442 1168 3508 mari
1198 3448 1253 3509 aut
1271 3459 1305 3509 25

126 3561 257 3630 flumine
277 3571 380 3631 enata.
426 3563 485 3630 VH
506 3564 705 3647 praediorum
732 3583 829 3648 prope
855 3564 981 3632 alueum
1008 3562 1144 3628 fluminis
1167 3562 1252 3630 dere-

176 4286 278 4336 Theoph.
293 4286 405 4328 Antecem·
420 4297 463 4327 rec.
477 4284 567 4326 I'errlni.
