2990 4884
596 413 806 475 ..91-

142 598 211 663 suis
233 581 491 663 administrandis
514 602 652 680 egerent
681 604 714 662 et
740 598 780 664 ab
808 597 879 666 aliis
906 603 1107 681 regerentur,
1134 599 1268 668 aliorum

94 718 133 766 14.
142 715 276 782 tutelam
300 715 351 782 uel
372 734 479 784 euram
501 714 619 781 subire.
654 718 703 779 14.
738 714 1006 792 Quemadmodum
1029 718 1132 782 minor
1152 736 1193 784 ne
1214 737 1269 786 uo·

94 832 212 900 rolens
235 834 360 916 quidem
382 839 471 899 tutor
492 837 660 900 curatorue
688 832 740 914 fit,
769 833 815 901 ita
837 855 894 902 nee
922 835 1019 903 miles.
1069 839 1117 902 15.
1150 835 1269 904 Romae

144 953 342 1034 grammatici
363 954 506 1019 rhetores
529 952 641 1020 medici
663 953 772 1035 etqui
795 956 825 1019 in
848 956 952 1036 patria
975 974 1032 1021 sua
1047 957 1202 1023 eiusmodi
1225 955 1271 1023 ol·

144 1069 215 1136 ficia
245 1078 390 1138 exercent
412 1079 445 1138 et
470 1073 553 1141 intra
580 1092 744 1140 numerum
767 1081 841 1140 sunt
866 1076 1089 1141 constitutione
1117 1041 1269 1160 praeseri·
1303 1077 1321 1128 ⁵
1357 1082 1362 1092 '

142 1198 248 1274 ptum,
283 1193 477 1258 uacationem
514 1191 661 1258 atutela
693 1201 726 1258 et
762 1212 838 1262 eura
865 1195 1035 1261 habebunt.
1085 1195 1269 1261 constitutio

146 1316 195 1375 est
223 1312 305 1377 enim
335 1313 500 1389 Antonini,
531 1331 595 1396 qua
622 1319 769 1388 cauetur,
795 1318 873 1394 quot
901 1311 1095 1394 grammatici
1125 1312 1177 1378 nel
1204 1312 1272 1378 rhe-

94 1435 231 1494 retores
254 1428 304 1494 uel
327 1431 438 1497 medici
461 1430 494 1495 in
514 1433 645 1512 singulis
669 1433 851 1499 ciuitatibus
866 1449 936 1498 esse
958 1431 1103 1497 debeant.
1129 1432 1179 1494 16.
1208 1431 1269 1509 Qui

142 1546 251 1628 plures
273 1549 367 1614 habet
389 1551 606 1617 exeusationes
629 1551 656 1614 si
679 1552 866 1631 quibusdam
893 1570 970 1616 usus
993 1569 1054 1616 non
1077 1549 1268 1630 probauerit,

141 1675 249 1747 potest
270 1669 355 1734 intra
377 1669 587 1736 excusationis
610 1676 752 1751 tempora
774 1670 887 1735 ceteris
910 1670 966 1735 uti.
998 1670 1052 1751 qui
1074 1669 1115 1734 ad
1135 1668 1268 1734 tutelam
1289 1677 1321 1729 10

143 1784 196 1851 uel
219 1806 324 1852 euram
347 1794 479 1855 uocatur
501 1796 597 1871 atque
619 1789 772 1856 eiusmodi
796 1809 875 1856 onus
898 1789 1036 1870 effugere
1059 1789 1154 1871 cupit,
1178 1805 1269 1853 excu-

143 1907 265 1971 satione
286 1906 400 1982 utitur‚
422 1925 484 1972 non
506 1927 583 1972 uero
610 1909 759 1988 appellat.
808 1914 882 1973 tunc
909 1906 992 1972 enim
1020 1904 1190 1990 appellatio
1219 1923 1270 1972 ne·

143 2026 280 2090 cessaria
302 2038 360 2102 est,
384 2043 455 2090 eum
477 2028 547 2107 quis
569 2027 769 2091 excusatione
791 2044 869 2093 usus
891 2045 953 2092 non
976 2033 1025 2090 est
1047 2026 1185 2090 auditus.
1215 2025 1269 2105 qui

142 2144 343 2209 excusatione
365 2142 414 2208 nti
436 2145 515 2221 uult,
537 2145 622 2209 intra
644 2144 669 2208 L
691 2145 758 2210 dies
780 2145 961 2223 continuos,
984 2163 1046 2210 non
1068 2162 1144 2209 uero
1167 2142 1269 2219 utiles,

143 2283 182 2328 ea
199 2265 332 2346 experiri
348 2264 451 2343 debet,
474 2265 528 2345 qni
551 2271 625 2330 tuno
640 2283 767 2360 currere
789 2265 950 2347 incipiunt,
974 2280 1044 2328 eum
1066 2263 1137 2342 quis
1159 2261 1321 2326 seno-15

143 2383 228 2448 uerit
250 2389 387 2449 tutorem
409 2384 528 2450 datum.
572 2385 656 2449 intra
677 2404 756 2467 quos
785 2386 850 2450 dies
879 2383 1012 2465 experiri
1040 2381 1170 2458 debent,
1201 2381 1268 2447 siue

142 2508 333 2566 testamento
356 2503 433 2576 dati,
456 2503 524 2567 siue
546 2502 676 2584 legitimi
699 2505 773 2580 sint,
796 2504 864 2568 siue
891 2502 1015 2586 patroni
1045 2501 1114 2568 siue
1142 2499 1270 2566 fiducia·

142 2619 200 2696 rii,
223 2620 290 2684 siue
312 2639 332 2684 a
354 2620 590 2700 magistratibus
613 2621 696 2700 dati,
719 2621 788 2686 siue
809 2629 971 2686 curatores
1001 2620 1064 2686 sint
1093 2619 1269 2701 specialiter

144 2738 212 2803 dati
238 2744 295 2805 ant
321 2740 442 2820 legibus
472 2741 592 2816 uocati,
623 2741 690 2804 siue
717 2741 748 2804 in
779 2740 887 2805 eadem
918 2739 1046 2804 ciuitate
1076 2739 1208 2820 degant,
1236 2738 1269 2803 in

144 2865 261 2939 quaet
284 2863 453 2934 uocantur,
481 2857 550 2922 sine
572 2857 656 2922 inter
678 2857 883 2923 centesimum
904 2856 1041 2938 lapidem
1068 2858 1108 2923 ab
1132 2877 1169 2922 eo
1191 2855 1268 2935 loco,
1286 2862 1321 2912 2⁰

142 2975 175 3040 in
196 2994 258 3057 quo
281 2975 349 3040 dati
371 2983 455 3054 sunt,
477 2976 545 3041 siue
567 2974 652 3040 ultra
671 2975 696 3039 G
714 2975 849 3058 lapidem
865 2976 996 3055 degant:
1020 2977 1268 3042 dinumeratione

144 3094 264 3162 scilieet
285 3095 369 3161 faeta
392 3097 572 3162 nicenorum
596 3093 724 3159 millium
748 3113 805 3176 pro
821 3095 951 3176 singulis
975 3096 1094 3173 diebus,
1118 3113 1199 3177 qnae
1215 3110 1270 3158 uo·

143 3222 233 3280 catus
256 3213 408 3280 conficere
430 3216 532 3288 debet
555 3223 592 3280 ut
613 3216 653 3281 ad
676 3234 747 3281 eum
769 3217 871 3281 loeum
895 3216 1068 3297 perueniat,
1092 3216 1146 3279 ubi
1169 3232 1204 3278 se
1218 3233 1270 3278 ex·

143 3343 313 3399 ansaturus
335 3343 400 3399 est:
428 3335 474 3399 ita
495 3342 598 3399 tamen
622 3342 658 3399 nt
680 3335 708 3400 ei
729 3335 818 3400 XXX
834 3342 982 3400 maneant
1003 3333 1079 3410 dies,
1102 3339 1270 3417 postquam

143 3455 175 3518 in
198 3471 267 3519 eam
292 3451 452 3518 ciuitatem
476 3455 665 3533 peruenerit,
689 3455 720 3517 in
743 3471 806 3535 qua
828 3472 863 3519 se
885 3471 1035 3518 excusare
1057 3451 1147 3518 uelit.
1184 3451 1268 3531 quod
1286 3448 1320 3499 2⁵

144 3574 190 3636 ita
216 3572 369 3637 Scaeuola
398 3572 640 3654 computandum
671 3589 739 3637 esse
767 3573 827 3650 ait,
859 3591 898 3636 ne
925 3572 1088 3654 pauciores
1119 3587 1213 3650 quam
1243 3569 1270 3635 L

143 3691 211 3755 dies
245 3707 385 3771 unquam
418 3697 505 3755 tutor
545 3691 585 3755 ad
627 3696 726 3755 semet
759 3691 862 3772 ipsum
895 3691 1106 3756 excusandum
1144 3689 1269 3765 habeat,

142 3811 250 3890 plures
266 3816 371 3873 autem
387 3808 564 3888 aliquando.
588 3816 624 3872 ut
638 3826 710 3873 eece
725 3827 794 3874 cum
811 3807 947 3874 abluerit
963 3806 1014 3872 CO
1033 3807 1169 3873 millibus
1184 3815 1267 3890 post·

143 3947 238 4008 quam
261 3926 446 4009 cognouerit
468 3947 538 3993 sese
560 3933 696 3993 tutorem
719 3929 836 4006 datum,
860 3928 986 3994 habebit
1006 3927 1132 4007 quidem
1154 3928 1186 3992 in
1208 3926 1270 3993 iter
