3096 4890
160 623 286 682 uertere
310 618 433 697 debuit,
462 636 530 682 eum
554 618 731 701 argumenti
761 617 972 701 praestantia,
1004 627 1069 682 tum
1097 620 1189 684 etiem
1220 641 1288 703 per-

160 737 338 818 spicuitate,
362 737 543 803 notitiarum
566 739 655 820 eopia
682 746 714 804 et
736 739 925 820 antiquitate
948 739 1126 820 conspicua.
1171 739 1202 805 in
1226 758 1287 823 qun

161 858 352 922 recensenda
368 859 482 923 Iactum
500 867 558 936 est,
582 869 617 923 ut
632 877 669 924 ea
684 859 854 940 Theophila
872 860 1070 925 antecessori
1085 858 1176 925 tacite
1192 859 1287 925 tribui
1320 939 1326 952 Ι

160 985 276 1060 posset,
302 996 395 1059 quem
419 988 451 1042 et
464 978 495 1042 in
512 976 764 1043 institutionibus
780 979 999 1061 componendis
1016 985 1174 1044 uersatum
1191 978 1288 1045 fuisse

161 1103 330 1174 constaret,
354 1098 461 1176 etqui
485 1098 602 1177 primus
626 1099 656 1162 in
680 1098 842 1165 Prooemio
865 1098 897 1181 (§
920 1097 953 1178 3)
978 1099 1170 1163 laudaretur.
1216 1119 1288 1164 nem

163 1237 201 1281 ne
228 1217 420 1283 Tribuniano
444 1219 646 1301 Peraphrasis
669 1221 863 1285 tribueretur
885 1219 1053 1285 obstabant
1080 1239 1151 1285 cum
1174 1226 1288 1297 cetere,

161 1336 367 1414 temedium,
391 1355 453 1419 quo
475 1340 559 1418 apud
576 1338 714 1404 Graecos
737 1342 804 1405 eius
827 1340 976 1404 memoria
992 1341 1144 1405 tenaciter
1167 1340 1289 1406 adiecta

163 1463 221 1522 est.
266 1464 390 1522 etcum
415 1458 562 1523 Dorothei
591 1458 696 1540 plures
720 1459 773 1525 alii
803 1460 874 1525 libri
903 1461 1125 1550 innotuissent,
1154 1478 1287 1543 aequum

163 1575 266 1640 uideri
298 1577 401 1657 potuit
428 1577 600 1658 Theophilo
629 1595 692 1643 una
728 1599 798 1644 cum
829 1577 1030 1660 Digestorum
1058 1577 1165 1644 Indice
1194 1576 1288 1644 Paro·

162 1696 290 1777 phrasin
315 1695 510 1778 uindicari.¹)
560 1696 676 1780 aliquid
700 1718 760 1764 non
784 1700 875 1778 plane
898 1697 1057 1764 diuersum
1083 1701 1112 1763 in
1137 1698 1288 1764 Nomoea·

10 1821 11 1824 ’
164 1833 245 1880 none
268 1814 362 1880 XIIII
386 1818 546 1882 titulorum
570 1818 711 1900 contigit.
761 1819 812 1898 qui
840 1836 910 1884 eum
939 1818 1125 1883 uetustioris
1154 1817 1290 1899 antiqui-

164 1935 239 1998 tatis
261 1935 344 1999 baud
368 1937 480 2016 exigua
503 1955 603 2017 neque
625 1937 759 2002 obscura
782 1937 914 2018 uestigia
936 1937 1138 2020 praeseferat,
1160 1954 1181 2001 a
1202 1955 1290 2018 grae·

141 2056 209 2120 eis
231 2055 455 2120 recentioribus
477 2054 588 2121 Photio
612 2055 750 2122 tributus
773 2063 834 2135 est,
858 2057 947 2121 cuius
975 2058 1005 2121 in
1036 2075 1071 2122 re
1094 2056 1289 2137 potissimum

165 2173 379 2240 eoelesIastica
401 2193 510 2240 nomen
534 2177 613 2240 adeo
637 2177 855 2257 peruulgatam
879 2173 989 2256 erat.²)
1014 2177 1087 2241 item
1111 2176 1188 2239 iuris
1213 2175 1290 2240 liber

164 2295 198 2358 in
222 2292 373 2358 Hibernia
394 2293 631 2370 celeberrimus,
653 2294 705 2374 qui
729 2293 1010 2359 Sencbus-Mor
1039 2301 1186 2372 uocetur,
1218 2294 1290 2359 diuo

166 2411 314 2490 Patricio,
338 2412 446 2494 quiin
469 2416 603 2480 maximo
627 2414 744 2479 honore
766 2414 906 2480 et‘eultu
930 2417 1013 2496 apud
1038 2423 1214 2495 coagentes
1237 2415 1292 2479 ho·

167 2536 310 2612 bebatur,
334 2536 471 2601 tributus
487 2536 575 2619 est.⁸)

166 2683 169 2689 ·
255 2655 321 2720 Hac
350 2657 445 2737 igitur
473 2659 652 2723 coniectura
683 2677 749 2724 rem
777 2657 867 2724 iacile
895 2659 1033 2740 expediri
1063 2660 1208 2724 arbitror.
1259 2668 1291 2722 et

168 2791 251 2839 nune
272 2778 484 2856 quaerendum
507 2776 640 2856 estquis
657 2778 779 2842 demum
802 2786 911 2843 auctor
933 2775 1164 2859 Paraphraseos
1187 2780 1289 2844 fuerit.

168 2892 243 2958 alibi
265 2893 327 2958 iam
351 2896 427 2960 satis
450 2896 625 2960 ostendisse
650 2895 770 2962 confido
800 2895 873 2963 huie
901 2897 988 2979 operi
1018 2915 1164 2979 graecum
1195 2899 1292 2978 quod·

239 3185 262 3253 1)
285 3183 353 3236 Item
376 3183 469 3252 leges
496 3183 698 3238 saeculares
715 3184 743 3237 in
769 3183 873 3252 syriaca
894 3185 1063 3246 recensione,
1088 3185 1204 3254 quaein
1224 3183 1290 3239 libro

168 3269 310 3340 parisiensi
328 3270 490 3332 continetur,
508 3269 686 3324 Constantino
698 3269 849 3324 Theodosio
868 3276 895 3322 et
913 3269 999 3323 Leoni
1018 3268 1182 3336 tribuuntur,
1200 3270 1246 3339 qui
1265 3271 1292 3324 in

170 3357 228 3410 eius
245 3353 413 3423 praefatione
431 3354 584 3408 laudantur.

238 3440 261 3508 ⁹)
280 3440 318 3494 Cf.
337 3441 433 3494 Pitra
449 3440 496 3494 Ius
519 3440 730 3495 ecclesiasticum
754 3441 932 3508 Graecorum,
959 3447 978 3496 t.
997 3441 1024 3494 11
1047 3441 1155 3509 passim.
1182 3441 1294 3510 Iampri-

170 3529 230 3582 dem
258 3527 383 3584 Biener
415 3526 576 3581 Gesehiehta
605 3527 653 3581 der
682 3527 811 3582 Novellan
837 3543 863 3595 p.
882 3531 1002 3582 34-38.
1038 3530 1137 3596 222eq.
1183 3525 1292 3580 Heim·

171 3613 317 3668 bachius.
350 3609 491 3666 Ἀνέκδοτα
509 3619 529 3666 t.
551 3618 573 3676 l,
591 3629 618 3681 p.
636 3611 748 3668 XLVII.

238 3718 262 3788 ³)
285 3715 561 3774 Semnan-Maiae.
601 3701 705 3772 Etrrdes
729 3731 775 3770 sur
796 3717 926 3771 l’hiatoire
950 3717 997 3770 das
1015 3714 1185 3770 Institutione
1203 3713 1293 3782 primi-

170 3803 240 3858 tivas
256 3804 324 3857 trad.
343 3804 425 3870 frene.
446 3819 472 3872 p.
490 3807 554 3858 346:
576 3803 610 3856 ril
633 3819 662 3857 ae
680 3809 746 3871 peut
769 3805 850 3873 qu’un
873 3802 954 3858 traite
978 3803 1011 3856 de
1034 3800 1196 3857 dImensIons
1214 3799 1294 3854 inusi-

171 3891 229 3944 tbes
247 3889 340 3943 estIme
359 3904 392 3942 en
413 3889 571 3958 proportion
597 3888 631 3942 de
655 3904 703 3942 aon
726 3888 830 3942 volume
853 3903 904 3956 par
927 3887 1050 3942 l'eeoIe
1074 3887 1111 3941 de
1137 3885 1231 3939 droit
1248 3885 1295 3955 qui

172 3991 206 4029 en
228 3975 296 4030 eteit
319 3989 474 4043 possesseur
496 3973 555 4028 dett
577 3990 631 4043 peu
654 3975 671 4028 I
693 3990 746 4043 peu
769 3989 820 4042 par
842 3975 900 4028 etro
923 3972 1121 4028 associetur
1146 3985 1207 4026 nom
1230 3978 1295 4026 tenu

171 4060 328 4115 hautement
351 4076 383 4114 en
405 4059 527 4114 honneur
551 4075 586 4114 ou
607 4060 795 4114 eminemment
820 4060 895 4114 sacre
916 4057 1006 4125 <Saiet
1023 4056 1152 4124 Patrieei:
1170 4056 1295 4124 pheno·

171 4147 277 4216 mene,
295 4145 381 4201 dont
398 4145 578 4200 l'histoIre
593 4143 774 4214 juridique
793 4145 833 4198 de
852 4143 1000 4198 l’Orieut
1017 4143 1118 4210 offra,
1137 4141 1295 4208 croit-on,

171 4232 248 4301 plus
265 4232 344 4288 d'un
362 4232 542 4300 example«.
