3078 4882
712 447 943 512 -168-

271 634 431 715 λογισμοῦ·
466 633 545 710 ῶςτε
578 631 632 698 οὖν
666 632 737 696 οὔτε
771 633 890 719 ἄνηβος
924 632 996 698 οὔτε
1027 635 1213 719 μαινόμενος
1246 634 1397 698 διατίθεν-

271 757 330 808 ται,
338 735 363 815 ¹)
386 734 493 824 ἐπειδή
517 739 551 800 τδ
574 740 702 820 φρονεῖν
725 741 771 822 τῷ
791 738 847 819 μὲν
871 736 907 800 οὐ
931 737 1129 823 προςγέγονε,
1153 736 1238 818 τδνί)
1261 737 1299 801 δὲ
1321 739 1398 800 ἀπο-

271 836 452 921 λέλοιπενδ)
497 840 661 928 ἀνίσγυρος
684 839 719 902 δὲ
742 836 845 903 αὐτῶν
866 841 886 925 ἡ
909 839 1052 925 διαθήκη,
1077 841 1105 903 εί
1126 839 1176 904 καί
1204 841 1243 904 τὰ
1263 843 1397 927 μάλιστα

271 943 289 1001 ό
309 941 366 1024 μὲν
389 943 556 1026 γενόμενος
577 941 701 1029 ἔφηβος
723 942 929 1028 ἐτελεύτησεν,
952 945 969 1004 ό
992 943 1029 1007 δὲ
1055 944 1224 1030 ἀνανήψας.
1269 945 1299 1008 εί
1321 945 1358 1009 δὲ
1379 948 1396 1010 ό

237 1043 455 1127 5μαινόμενος
476 1045 546 1109 κατ’
570 1045 685 1109 ἐκεῖνον
708 1044 852 1129 διάθηται
878 1048 928 1108 τὸν
951 1048 1069 1130 καιρὸν,
1093 1045 1126 1108 ἐν
1144 1045 1171 1134 ᾧ
1190 1047 1321 1111 παύεται
1343 1051 1396 1111 τοῦ
1521 1105 1522 1134 ,

166 1174 169 1180 ·
270 1147 451 1225 μιαίνεσθαι,
487 1147 642 1211 τουτέστιν
670 1148 703 1210 ἐν
732 1152 795 1220 τοῖς
823 1147 1034 1232 διαλείμμασι,
1063 1150 1197 1234 ζητεῖται
1223 1149 1252 1212 ελ
1280 1153 1395 1235 κρατεῖ.

271 1249 319 1310 καὶ
338 1249 469 1333 λέγομεν
493 1248 621 1333 ἔννομον
644 1249 720 1314 εἶναι
743 1252 798 1335 τὴν
821 1249 990 1337 διαθήκην·
1015 1253 1043 1315 τί
1064 1251 1110 1332 δὲ,
1133 1254 1179 1315 ότι
1209 1251 1396 1336 διαθέμενός

270 1373 316 1426 τις
337 1350 450 1438 ἐμάνη;
472 1355 507 1414 τδ
529 1353 608 1437 μετὰ
631 1357 728 1416 ταῦτα
756 1354 858 1430 πάθος
886 1354 1094 1439 ἐπιγινόμενον
1124 1359 1179 1440 τῆς
1198 1355 1314 1439 μανίας
1345 1355 1397 1440 τὴν

271 1453 379 1539 ὀρθῶς
412 1455 664 1520 διατυπωθεῒσαν
692 1454 747 1519 οὐκ
776 1457 942 1541 ἀνατρέπει
976 1456 1143 1542 διαθήκην,
1180 1457 1286 1541 ὥςπερ
1324 1454 1396 1518 οὐδ’

224 1566 254 1615 10
273 1557 381 1641 ἕτερον
409 1559 607 1641 συνάλλαγμα
637 1557 829 1643 ἐπιγινομένη
854 1559 948 1642 μανία
973 1559 1161 1643 διαφθείρει.
1213 1561 1242 1622 2.
1278 1565 1306 1623 ὃ)
1319 1557 1396 1621 Οὐδὲ
1412 1575 1432 1622 2.

241 1733 242 1736 Ἴ
270 1662 323 1723 τὸν
343 1659 473 1738 ἄστατον,
497 1658 525 1744 ᾧ
547 1666 609 1724 τῶν
632 1660 751 1724 οἰκείων
774 1662 964 1746 πραγμάτων
998 1663 1017 1744 ἡ
1049 1661 1191 1746 διοίκησις
1221 1663 1396 1746 ἀπηγόρευ-

271 1785 328 1841 ται,
351 1764 369 1825 ό
393 1763 486 1847 νόμος
508 1766 664 1850 συγχωρεῖ
684 1761 890 1841 διατίθεσθαι,
913 1766 932 1850 ή
957 1763 993 1826 δὲ
1017 1765 1077 1849 πρὸ
1098 1769 1155 1849 τῆς
1170 1764 1326 1837 ἀσωτείας
1348 1786 1393 1844 γε·

271 1867 383 1952 νομὲνη
412 1865 563 1951 διαθήκη,
596 1866 733 1929 τουτέστι
768 1869 836 1950 πρὶν
865 1867 884 1952 η
913 1867 1056 1950 διοίκησις
1084 1866 1175 1947 τῶνί)
1204 1867 1396 1950 πραγμάτων

270 1969 356 2054 αὐτῷ
378 1969 584 2053 ἀπαγορευθή
604 1969 725 2051 βεβαία
745 1965 878 2052 μένειδ)
931 1969 961 2031 3.
990 1961 1111 2042 Ἄλαλος
1133 1967 1186 2054 ήῧ)
1210 1971 1321 2052 κωφὸς
1343 1967 1395 2029 οὔκ
1411 1981 1431 2029 3.
1522 1955 1523 2042 ,

222 2091 251 2140 15
270 2071 351 2152 ἄείθ)
374 2070 578 2134 διατίθενται·
600 2070 807 2152 διαλεγόμεθα
831 2071 899 2147 (W)
923 2071 992 2154 περὶ
1008 2070 1125 2133 ἐκείνου
1140 2068 1195 2133 τοῦ
1215 2074 1327 2155 κωφοῦ
1344 2073 1395 2133 τοῦ

270 2174 429 2247 παντελῶς
455 2174 498 2258 μή
528 2173 761 2254 ἐξακούοντοςῧ)
790 2173 826 2235 οὐ
852 2174 914 2257 μήν
946 2175 1000 2235 τοῦ
1029 2171 1181 2255 βραδέως
1211 2172 1394 2247 ἀκούοντος·

270 2274 361 2350 οὗτος
383 2275 443 2357 γὰρ
467 2273 647 2338 διατίθεται.
691 2275 821 2358 καὶγὰρ
845 2275 925 2355 taff)
957 2275 1071 2337 ἄλαλον
1093 2273 1210 2337 ἐκεῖνόν
1232 2296 1338 2356 φαμεν
1361 2274 1411 2336 οὐν

269 2379 322 2441 τὸν
350 2376 502 2460 βραδέως
529 2375 695 2448 λαλοῦντα,
723 2376 799 2439 ἀλλὰ
828 2378 879 2440 τὸν
904 2377 1065 2452 παντελῶς
1090 2377 1134 2461 μὴ
1165 2374 1393 2459 φθεγγόμενον.

270 2483 304 2542 τὸ
328 2480 363 2544 δὲ
386 2478 467 2544 (οὐκ
497 2479 569 2542 ἀεί’
602 2478 805 2565 προςτέθεικα
834 2478 874 2541 δι’
902 2479 1018 2565 ἐκείνην
1051 2482 1105 2565 τήν
1134 2479 1248 2540 αἰτίαν·
1286 2478 1395 2540 πολλά-

219 2598 253 2650 20
270 2585 357 2666 nem)
381 2606 425 2658 τις
447 2583 539 2658 εἰδὼς
560 2585 728 2665 γράμματα
756 2583 805 2644 καὶ
836 2581 1084 2664 πεπαιδευμένος
1113 2584 1281 2662 συμφορᾶς
1304 2580 1395 2662 ἐπιγι-

270 2685 445 2770 νομένηςῑῑ)
469 2684 618 2767 (πλεῖσται
641 2683 677 2747 δὲ
700 2686 730 2746 αἱ
754 2683 865 2770 ταύτην
889 2682 1058 2764 ἑπάγουσαι
1083 2681 1189 2762 αἰτίαι)
1220 2686 1276 2766 τῆς
1298 2682 1394 2768 ἀκοής

269 2787 366 2871 ήτής
387 2786 531 2871 γλώσσης
559 2784 727 2872 ἐστερήθη.
780 2787 827 2848 καὶ
855 2783 962 2871 ἐπειδη
995 2785 1080 2867 παρὰ
1108 2788 1172 2859 τοῖς
1198 2783 1341 2859 παλαιοῖς
1369 2788 1395 2849 οί

269 2891 398 2950 τοιοῦτοι
421 2886 477 2953 οὐκ
497 2887 649 2975 ήδόναντο
672 2887 876 2964 διατίθεσθαι,
899 2887 1038 2961 διάταξις
1059 2887 1207 2971 ἐφοίτησε
1240 2889 1294 2948 τοῦ
1323 2888 1396 2972 ήμε-

269 2990 361 3073 τέρου
383 2990 542 3071 βασιλέως
571 2991 738 3054 κελεύουσα
764 2993 829 3064 τοῖς
858 2989 892 3052 ἐκ
920 2989 1043 3064 πάθους
1074 2988 1119 3064 είς
1148 2991 1239 3052 τοῦτο
1270 2987 1394 3053 ἐλθοῦσι

218 3105 251 3157 25
267 3093 351 3174 μετά
371 3115 451 3169 τινος
473 3097 700 3178 παραφολακής
721 3093 873 3156 δύνασθαι
895 3079 1098 3154 διατίθεσθαι.
1145 3093 1197 3153 τδν
1219 3088 1256 3152 δὲ
1280 3092 1395 3176 τρόπον

267 3197 317 3258 καί
339 3194 438 3281 τήνθ)
463 3195 676 3282 παρατήρησίν
698 3194 778 3258 ἐστιν
800 3194 971 3268 ἀνελλιπῶς
998 3192 1155 3276 μαθεὶνῑθ)
1186 3194 1241 3278 τὴν
1272 3193 1394 3280 εἰρημέ-

271 3321 324 3384 νην
346 3297 518 3379 ἀναγνόντα
543 3297 656 3381 νεαράν
678 3295 825 3369 διάταξιν.
871 3297 898 3359 εί
921 3295 956 3359 δὲ
979 3294 1175 3380 διαθέμενος,
1205 3296 1298 3359 νόσου
1321 3318 1395 3379 συμ·

268 3401 373 3484 βάσης
394 3398 413 3484 ή
436 3398 470 3462 ἐκ
493 3398 640 3483 τιμωρίας
662 3399 845 3485 ἀρχοντικής
867 3397 887 3484 λ)
910 3395 946 3469 ἐξ
974 3397 1068 3484 ἄλλης
1095 3396 1280 3484 οίαςδήποτε
1310 3420 1394 3482 περι-

337 3675 359 3739 1)
378 3673 490 3725 -θεται
510 3671 550 3724 vi.
569 3671 615 3724 Fl.
636 3671 667 3724 R.
800 3669 823 3738 1)
840 3673 879 3740 τῷ
898 3668 949 3722 ΙΝ.
967 3683 1027 3723 cum
1046 3668 1097 3723 hl.
1115 3667 1165 3721 m.
1285 3669 1310 3735 θ)
1327 3669 1392 3721 ἀπέ·

269 3757 343 3810 λιπεν
362 3756 404 3811 Vi.
423 3755 455 3811 R.
576 3758 599 3822 ⁴)
618 3756 690 3810 διοικ.
708 3757 783 3825 αὐτῷ
800 3772 906 3824 πραγμ.
922 3754 972 3808 L1.
990 3754 1039 3809 11¹.
1057 3753 1088 3807 F.
1203 3755 1227 3819 ὅ)
1244 3754 1289 3805 καί
1306 3754 1338 3809 V.
1356 3751 1392 3807 B.

268 3844 293 3900 ⁶)
310 3842 336 3896 (1.
354 3841 386 3896 F.
455 3841 478 3908 7)
496 3842 520 3894 d.
540 3841 577 3895 Μ.
679 3841 702 3908 8)
720 3841 759 3893 ἀκ,
779 3840 821 3895 Vi.
839 3841 872 3895 R.
941 3840 965 3905 ⁹)
983 3839 1009 3893 d.
1027 3840 1076 3894 L⁶.
1094 3838 1187 3895 11111.
1280 3840 1316 3907 ¹⁰)
1333 3839 1388 3908 γὰρ

269 3927 310 3980 ad.
329 3926 372 3980 vi.
392 3926 424 3979 R.
532 3928 567 3993 11)
584 3926 637 3979 Μ.;
655 3932 706 3980 cet.
725 3927 825 3994 ἐπιγεν.
940 3924 976 3990 ιδ)
994 3925 1035 3979 ita
1052 3924 1127 3979 libri:
1146 3924 1176 3978 F.
1196 3924 1229 3978 de
1243 3923 1329 3978 ’καθι
1348 3923 1391 3977 vi.

268 4012 301 4066 R
320 4011 353 4065 de
365 4010 451 4081 ’τὴν’.
555 4011 654 4077 1θ)τδν
673 4010 716 4065 αδ.
736 4010 776 4064 vi.
796 4010 828 4064 R„

337 4133 364 4196 a)
382 4129 463 4185 schol.
482 4130 566 4185 Harm
592 4136 617 4197 5,
639 4136 660 4193 1,
678 4134 720 4186 25.
756 4129 824 4198 Epa.
843 4133 926 4197 3115.
1065 4131 1094 4196 1))
1112 4129 1204 4184 flam.
1221 4134 1246 4198 5,
1266 4136 1291 4194 1,
1313 4131 1343 4185 17
1362 4137 1389 4182 et

269 4216 351 4271 schol.
369 4215 411 4270 ad.
434 4219 471 4270 18.
508 4215 569 4282 Epa
595 4218 638 4279 30,
657 4218 681 4269 6.
