3058 4890
578 483 619 500 ..
663 447 732 522 999
768 483 810 502 ..

137 633 321 716 rourum
342 638 376 702 et
394 633 551 719 9919991999
567 633 792 710 119999119199
812 634 959 706 baredem
981 630 1256 706 etlidaiternmls*

138 752 257 820 9991999
282 753 501 838 stipulationes
527 747 1254 838 99991999199991199999991119119.

136 859 353 957 stipulabatur
362 880 467 943 autem
482 875 574 944 beros
588 895 608 944 a
621 875 906 944 fideicommissario
921 874 969 969 919Ι
985 875 1105 944 uerbis:
1130 879 1256 960 »spon-

116 990 269 1090 dosne,
292 994 684 1079 fideicommissario,
708 997 858 1082 siquid
881 977 1156 1072 hereditariis
1179 1016 1255 1068 cre,
1287 1075 1291 1080 ,

137 1113 250 1184 ditor
270 1134 291 1183 a
311 1135 367 1184 me
388 1117 589 1200 exegerit,
611 1117 652 1184 id
674 1118 771 1198 mibi
791 1123 1012 1203 praestare,
1035 1123 1102 1185 aut
1123 1137 1180 1192 me
1202 1119 1258 1200 de
1290 1093 1307 1174 1

137 1233 368 1308 tendere-et
389 1237 609 1307 indemnem
637 1237 848 1308 9999999ιῖ
875 1245 909 1307 91
936 1239 1148 1322 respondebat
1171 1235 1257 1306 fidei.

138 1357 418 1426 commissarius.
437 1360 672 1441 vcspondeo
723 1368 756 1428 et
786 1366 900 1428 contra·
933 1359 1145 1444 stipulabatur
1171 1356 1260 1426 fidei·

138 1477 369 1546 commissarius
398 1478 439 1546 ab
463 1478 580 1546 herede
609 1477 668 1547 boc
695 1473 854 1548 moder·
840 1479 1099 1584 rspondesne,
1127 1471 1256 1581 199999,

23 1691 28 1696 ·
138 1597 175 1666 si
195 1600 240 1668 ab
261 1597 518 1667 hereditario
540 1599 723 1668 debitore
745 1599 839 1686 quid
862 1605 1100 1669 consecutus
1120 1597 1306 1678 lucrios

139 1716 175 1804 id
203 1719 297 1788 mibi
330 1726 535 1803 praestare
566 1726 635 1792 aut
671 1723 787 1791 etiam
816 1721 1045 1791 actionibus
1072 1719 1167 1790 mihi
1201 1739 1260 1789 cc.-
1279 1727 1311 1781 1⁰

140 1839 233 1907 dere
263 1846 305 1908 ut
332 1842 618 1925 procuratorio
647 1843 800 1910 nomine
831 1842 879 1909 iis
908 1843 1138 1926 experiari«
1175 1841 1259 1926 (quis

139 1965 244 2028 autern
267 1966 452 2044 procurater
473 1961 516 2030 sit
536 1960 667 2030 inferius
688 1935 921 2047 pmponemual.
951 1967 984 2028 et
1005 1961 1130 2030 dicebat
1151 1960 1259 2030 lueres:

143 2081 373 2162 »spondeos
418 2087 469 2150 set
490 2082 522 2149 19
549 2083 702 2150 9199999911
729 2101 835 2151 rernm
863 2080 1045 2150 condicione
1070 2082 1179 2162 berea,
1205 2081 1260 2163 qui
1302 2099 1306 2109 ’

141 2199 290 2272 iudicium
312 2201 417 2312 uitare
438 2203 600 2284 studebat,
624 2205 655 2270 19
679 2204 819 2286 duplices
842 2203 919 2271 ¹lites
937 2193 1118 2282 incidebat,
1147 2217 1260 2270 conue-

140 2300 665 2412 919991999919999999991119919
695 2322 850 2410 creditore
881 2329 912 2392 et
941 2341 1052 2390 mrsua
1078 2340 1149 2406 cum
1177 2317 1262 2388 fidei·
1281 2337 1312 2390 99

141 2435 353 2512 commissario
375 2445 404 2511 ei
426 2444 582 2544 agendum
605 2450 675 2538 erat
696 2465 734 2512 ex
755 2425 921 2529 stipulatu,
953 2449 989 2510 ut
1011 2463 1049 2511 99
1069 2462 1150 2529 quae
1172 2461 1261 2530 prae·

96 2567 259 2630 99199991
280 2537 477 2648 reciperarat
521 2563 552 2629 4.
582 2531 698 2648 Itaque
720 2564 853 2634 Neronia
875 2563 1083 2648 temporibus,
1107 2563 1261 2638 Trebellio

142 2681 295 2753 Maximo
322 2689 356 2750 91
389 2684 519 2754 Annaeo
562 2682 763 2760 consulibus
806 2683 1110 2752 senatusconsultum
1145 2683 1261 2752 laetum

141 2811 200 2886 est,
222 2823 286 2890 ouo
307 2810 436 2881 cautum
456 2811 514 2886 est,
536 2811 572 2871 ut
594 2804 622 2872 91
651 2806 702 2874 991
728 2805 886 2873 hereditas
908 2803 1194 2874 fideicommissaria
1215 2810 1263 2871 ra·

142 2924 217 2994 licta
244 2921 345 3007 atoue
367 2925 515 2992 restituta
526 2919 586 3004 911,
609 2941 718 2992 omnes
739 2917 888 3026 actiones,
910 2939 991 3028 quae
1013 2915 1051 2991 or
1065 2925 1143 2992 iuris
1149 2911 1262 3027 ciuilis
1279 2927 1314 2981 2⁰

143 3025 317 3131 suptilitate
338 3045 446 3114 bereri
469 3043 555 3112 9199
585 3044 731 3112 heredem
760 3019 988 3130 competerent,
1017 3045 1050 3113 ei
1072 3045 1162 3113 9199
1190 3063 1261 3110 eum

142 3166 437 3243 accomodarentur,
464 3166 515 3232 cui
542 3186 580 3232 cx
601 3165 839 3234 fideicommiaso
868 3167 1016 3236 restituta
1038 3172 1124 3234 99991
1144 3165 1263 3232 benedi

142 3292 202 3354 tas.
222 3368 224 3372 ¹
247 3292 357 3373 999199
378 3289 488 3392 991999
506 3294 633 3388 praetor
655 3287 959 3395 senatusconsultum
986 3288 1188 3390 subsecutus,¹
1203 3284 1264 3350 uti·
