3058 4890
567 445 798 510 -238-

126 632 412 698 deicommissorum
446 632 522 698 baec
551 633 616 698 iere
644 633 711 698 fuit.
761 631 886 712 saepius
914 631 1114 714 contingebat
1142 635 1241 702 ciuem

124 769 287 816 romanum
310 752 403 828 mori,
426 755 478 832 qui
501 757 648 834 cognatos
675 755 856 834 peregrinos
883 754 1028 831 baberet,
1055 757 1167 837 quibus
1189 775 1242 822 ne-

125 889 185 951 que
214 870 404 935 hereditates
431 891 534 953 nequa
561 873 664 952 legata
692 872 867 954 relinquere
897 870 1025 950 licebat,
1061 893 1129 940 cum
1160 875 1240 941 alius

126 997 230 1053 essent
253 989 399 1054 ciuitatis.
451 992 636 1056 instituebat
664 1010 736 1071 ergo
766 993 865 1056 ciuem
894 1010 1057 1057 romanum
1087 995 1241 1076 quendam

126 1110 184 1174 sibi
207 1110 401 1182 beneuolum,
425 1111 477 1190 qui
500 1118 686 1176 testamento
708 1111 799 1175 heres
820 1109 889 1176 fieri
911 1121 1025 1192 posset,
1052 1115 1140 1177 cuius
1163 1113 1240 1179 fides
1270 1084 1291 1174 ¹5

125 1228 186 1293 sibi
219 1236 301 1294 esset
334 1229 479 1310 probata3
512 1230 705 1313 rogabatque
739 1250 810 1295 eum
841 1241 929 1298 extra
957 1239 1178 1298 testamentum
1206 1241 1242 1298 nt

126 1347 177 1412 uel
199 1368 321 1414 omnem
347 1350 551 1415 hereditatem
581 1350 633 1415 uel
661 1353 728 1415 eius
757 1359 877 1432 partem
908 1350 960 1416 uel
990 1359 1091 1418 certas
1120 1371 1171 1416 res
1197 1351 1242 1416 iili

125 1471 290 1550 peregrino
311 1471 502 1533 restitueret.
545 1471 708 1550 inscripti
735 1477 839 1535 autem
867 1471 993 1536 heredis
1021 1473 1151 1536 arbitrio
1174 1477 1243 1536 crat

127 1595 232 1652 rutrum
254 1588 392 1653 solueret
412 1607 518 1666 necne,
542 1607 609 1652 cum
634 1586 751 1652 nullum
776 1595 858 1653 esset
887 1589 964 1653 iuris
987 1589 1159 1667 uinculum,
1181 1609 1242 1673 quo

126 1710 167 1773 ad
190 1708 248 1772 boc
270 1709 534 1789 adstringeretur3
557 1714 605 1772 set
626 1706 687 1772 fide
711 1714 830 1772 tantum
853 1715 947 1790 utque
963 1710 1082 1789 pudore
1098 1708 1165 1774 eius
1188 1708 1293 1792 quim

127 1830 299 1910 rogabatur
320 1827 395 1892 baec
424 1826 671 1891 continebantur.
716 1834 748 1892 et
777 1829 847 1892 idco
877 1827 1114 1894 fideicommissa
1140 1830 1244 1910 appel·

126 1954 192 2015 lata
213 1955 294 2014 sunt.
340 1953 387 2012 set
408 1949 484 2012 baec
506 1948 631 2028 quidem
653 1948 725 2013 olim
749 1951 938 2029 optinebant.
987 1958 1099 2032 postea
1125 1951 1244 2031 primus

128 2071 220 2135 diuus
249 2073 409 2148 Angustus
440 2068 535 2134 semel
571 2072 746 2150 iterumque
779 2088 885 2134 eorum
919 2071 1022 2151 gratia
1053 2075 1156 2135 motus
1185 2075 1243 2142 est,

127 2190 241 2268 quibus
264 2190 339 2254 talia
360 2167 465 2255 essent
486 2188 609 2268 relicta,
632 2188 712 2254 forte
734 2191 808 2269 qnia
835 2190 986 2255 eiusmodi
1016 2207 1169 2271 personae
1191 2206 1244 2252 no-

127 2315 179 2374 tae
202 2311 229 2374 ei
252 2315 357 2387 erant,
384 2313 440 2373 aut
461 2308 541 2374 forte
563 2308 680 2374 bonore
702 2310 814 2390 dignae
835 2315 962 2389 propter
992 2309 1164 2373 doctrinam
1194 2307 1243 2373 uei
1265 2318 1294 2370 15

127 2429 222 2494 alium
245 2429 454 2505 commodum,
476 2429 528 2493 uel
550 2431 623 2510 quia
646 2429 770 2507 saepius
797 2426 923 2508 quidam
953 2446 1010 2508 per
1037 2424 1135 2508 ipsius
1163 2424 1245 2490 salu-

125 2557 190 2615 tem
211 2550 358 2614 iurabant
379 2555 411 2614 et
431 2547 647 2613 iusiurandum
670 2548 915 2624 contemnebant,
944 2552 1000 2611 aut
1023 2547 1062 2611 ob
1090 2545 1244 2628 insignem

125 2667 296 2750 perfidiam,
320 2668 418 2734 ueluti
440 2670 467 2732 si
489 2669 559 2748 quis
586 2669 674 2733 diues
697 2675 825 2748 rogatus
854 2673 937 2732 esset
966 2666 1104 2733 defuncti
1136 2666 1244 2732 liberis

126 2791 315 2871 pauperibus
338 2796 370 2855 et
398 2789 500 2855 adhuc
529 2789 659 2867 teneris,
687 2788 737 2853 uel
767 2788 852 2853 senio
879 2785 1031 2853 coniectis
1059 2785 1244 2868 parentibus

126 2909 310 2986 restituere,
339 2916 370 2973 et
392 2910 418 2972 is
439 2905 531 2973 fidem
553 2927 615 2973 non
644 2915 796 2973 seruaret.
845 2906 954 2990 itaque
982 2907 1075 2971 iussit
1102 2905 1244 2972 consules
1261 2898 1296 2949 ²⁰

126 3028 346 3095 auctoritatem
361 3047 449 3094 suam
464 3028 661 3110 interponere
681 3047 823 3110 eumque,
846 3028 899 3109 qui
915 3032 1045 3109 rogatus
1059 3025 1180 3104 inisset¹
1203 3024 1244 3089 ad

127 3151 354 3215 restituendum
377 3167 496 3229 cogere.
523 3150 606 3228 quod
628 3147 703 3231 quia
731 3150 847 3213 iustum
877 3149 1045 3212 uidebatur
1068 3143 1100 3212 et
1121 3145 1244 3210 omnino
