3058 4890
578 419 810 483 -217-

135 626 254 690 nosque
282 607 453 690 legatarius
481 607 629 690 accipiet,
664 613 700 672 ut
727 604 868 672 Iulianus
900 605 1020 674 scribit
1069 624 1145 688 grex
1172 606 1255 672 anim

136 745 236 792 unum
259 745 373 813 corpus
395 727 622 810 quodammodo
644 725 740 793 efficit
761 745 799 791 cx
820 726 1009 792 distantibus
1038 733 1184 792 constans
1206 745 1256 794 ca·

136 847 265 926 pitibus
288 847 383 912 sicuti
405 852 437 912 et
460 845 585 912 aedium
611 863 708 911 unum
735 851 785 911 est
813 863 926 927 corpus
955 865 993 911 ex
1019 845 1255 913 cohaerentibus

86 981 128 1032 19.
137 963 295 1044 lapidibus
316 965 439 1045 aliaque
461 964 594 1029 materia
616 970 772 1030 constans.
819 964 869 1027 19.
900 961 1013 1046 Itaque
1034 965 1062 1029 si
1083 965 1177 1031 aedes
1198 966 1254 1032 tibi

136 1084 300 1167 laganam,
322 1089 456 1166 postque
487 1088 705 1149 testamentum
734 1082 892 1148 conditum
920 1080 1077 1148 columnas
1105 1083 1156 1149 ucl
1178 1103 1256 1150 mar·
1288 1100 1308 1152 o

85 1208 227 1270 20·m0ra
253 1203 365 1269 iisdem
393 1202 559 1282 addidero,
586 1201 709 1268 adiecta
734 1218 858 1284 quoque
886 1201 1029 1284 accipies.
1079 1200 1129 1265 20.
1163 1202 1255 1268 Serui

137 1326 197 1390 mai
219 1323 380 1406 peculium
402 1320 460 1388 tibi
482 1321 594 1404 legaui,
617 1321 733 1404 inquo
761 1321 849 1387 aurci
870 1321 901 1386 X
927 1326 1033 1402 erant;
1063 1320 1175 1388 deinde
1196 1321 1255 1388 XV

138 1443 190 1509 uel
222 1441 248 1506 V
275 1459 443 1507 aureorum
471 1441 587 1506 lactum
620 1447 683 1519 est,
716 1458 766 1506 me
797 1439 881 1506 uiuo.
936 1440 968 1506 id
1002 1447 1034 1506 tc
1070 1433 1256 1521 legatarium

138 1569 268 1645 spectat,
292 1561 361 1627 siue
385 1561 506 1627 lucrum
528 1562 595 1626 siue
618 1561 774 1626 damnum.
802 1558 941 1625 Haecin
963 1560 1071 1642 primis
1093 1566 1256 1644 perspecta

136 1683 263 1748 habeas.
308 1682 444 1747 cessio
467 1685 516 1746 est
537 1680 710 1762 legatorum
732 1679 869 1744 nondum
895 1685 1111 1760 perceptorum
1140 1681 1180 1747 ad
1201 1682 1255 1746 be·
1274 1685 1308 1737 10

137 1806 229 1870 redes
262 1803 469 1868 transmissio.
519 1802 603 1886 quod
634 1807 738 1866 antem
768 1798 984 1882 patrifamilias
1009 1799 1100 1866 heres
1130 1806 1193 1880 est,
1221 1801 1255 1868 id

137 1943 230 1990 seruo
252 1928 301 1990 est
323 1923 476 1990 dominus.
529 1921 613 2004 quod
641 1921 721 2008 enim
749 1939 806 2001 ego
834 1919 1057 2002 paterfamilias
1085 1926 1158 1988 ante
1186 1939 1255 2004 per·

137 2045 310 2125 captionem
332 2043 441 2110 heredi
462 2061 531 2108 meo
552 2045 764 2109 transmittere
785 2062 922 2126 possum,
942 2044 974 2108 id
997 2058 1108 2109 seruus
1131 2040 1255 2106 domino

138 2165 269 2245 quaerit.
322 2163 405 2246 qnod
426 2166 530 2226 antam
557 2162 667 2228 cedere
689 2163 798 2245 nequit
819 2179 919 2243 neque
940 2162 981 2227 ad
1003 2161 1134 2228 heredes
1155 2166 1256 2226 mans

138 2284 230 2362 mitti,
253 2283 284 2347 id
308 2282 442 2347 dominis
464 2299 524 2346 non
547 2281 717 2361 queantur.
750 2281 866 2347 cedunt
886 2297 962 2346 uero
984 2281 1098 2363 legata,
1121 2297 1189 2345 cnm
1213 2279 1254 2344 ad
1272 2292 1305 2344 15

138 2421 195 2468 uos
218 2397 409 2468 deferuntur.
454 2398 570 2464 delatio
592 2404 667 2465 tunc
688 2397 739 2473 fit,
768 2417 837 2464 cnm
867 2399 947 2464 actio
975 2403 1149 2478 competere
1178 2396 1252 2464 inci-

138 2523 202 2606 pit:
226 2521 373 2603 competit
396 2525 499 2585 antem
522 2518 602 2584 actio
624 2519 655 2583 in
677 2519 764 2600 puris
786 2518 897 2600 legatis
920 2536 940 2582 a
961 2523 1060 2583 morte
1081 2517 1251 2595 testatoris,

139 2644 172 2708 iu
195 2639 461 2708 conditionalibus
488 2658 565 2705 uero
593 2658 614 2703 a
641 2638 829 2704 condicionis
856 2644 980 2704 euentu.
1028 2635 1101 2702 olim
1128 2635 1253 2717 quidem

140 2763 180 2828 ab
202 2761 290 2826 adita
310 2759 484 2826 hereditate
506 2756 658 2825 cedebant
677 2757 798 2839 legata,
820 2764 869 2822 sat
890 2774 960 2822 cum
982 2756 1141 2838 legatariis
1155 2756 1187 2820 id
1202 2755 1255 2821 de·

139 2881 288 2945 trimcnto
321 2882 390 2944 crat
417 2880 500 2960 (cum
530 2875 612 2943 enim
638 2875 769 2942 heredes
796 2874 963 2956 legatarios
991 2875 1135 2940 uiderent
1163 2875 1254 2956 gram
1270 2890 1306 2942 au

141 2999 222 3064 forte
245 2997 352 3064 morbo
374 3004 548 3080 conreptos,
571 2997 738 3062 aditionem
761 2993 953 3073 differebant,
973 3000 1009 3059 ut
1030 3013 1131 3076 neque
1145 2992 1191 3058 sis
1212 2993 1253 3058 ls-

141 3123 215 3199 gata
237 3115 437 3194 deberentur,
460 3134 561 3199 neque
582 3116 622 3180 ad
651 3132 758 3181 eorum
784 3112 1071 3178 transmitterentur
1098 3111 1252 3192 heredes),

140 3238 210 3303 ideo
231 3236 352 3320 placuit
373 3242 410 3301 ut
431 3255 451 3300 a
473 3240 572 3300 morte
601 3235 763 3300 testatoris
789 3233 888 3299 cessio
918 3250 973 3298 scu
1003 3230 1254 3314 delatioincipe·

140 3363 197 3423 ret.
242 3357 301 3424 hoc
324 3358 406 3423 snim
428 3361 552 3438 tempus
573 3372 635 3422 non
661 3355 693 3420 in
721 3354 845 3420 heredis
875 3352 1004 3420 arbitrio
1030 3353 1165 3434 positum
1195 3355 1253 3415 est

140 3477 345 3543 inueniuntur
368 3481 472 3541 tamcn
494 3474 586 3540 hodie
606 3490 730 3555 quoque
757 3473 860 3554 legata
881 3470 1046 3553 quaedam,
1077 3487 1157 3551 quac
1183 3487 1253 3551 pro-
1269 3484 1306 3537 ab
