3096 4890
606 428 797 492 ..9.-

137 616 295 702 quomodo
316 616 386 682 iura
406 635 426 682 a
446 615 579 698 singulis
606 615 731 683 condita
757 616 963 699 appellentur.
1007 634 1062 684 rex
1089 615 1173 701 apud
1201 617 1263 686 Ro·

138 755 247 804 manos
269 736 340 802 iura
360 737 508 815 condunt,
530 734 665 819 populns
686 735 775 818 plebs
791 741 919 802 senatus
932 735 1076 820 princeps
1098 737 1263 821 megisba·

138 864 191 922 tus
218 856 340 922 romani
362 856 542 939 prudentes.
570 863 603 923 et
630 857 706 939 quid
732 864 781 926 est
806 857 967 942 populns?
992 857 1153 926 hominum
1180 877 1262 927 conr·

139 977 243 1044 munis
270 975 461 1044 condicionis
481 983 665 1056 conuentus,
686 995 750 1060 quo
770 977 888 1061 priuati
909 977 1029 1063 pariter
1050 998 1088 1047 ac
1101 986 1261 1048 senatores

139 1101 349 1168 continentur.
392 1098 443 1163 ias
464 1104 571 1166 nutem
596 1098 680 1179 qnod
707 1116 727 1164 n
754 1098 870 1184 populo
897 1100 1043 1168 conditur
1069 1100 1135 1168 lon
1162 1099 1261 1168 audit.
1294 1093 1312 1147 ὅ

140 1241 211 1290 curn
233 1222 318 1290 enim
339 1221 491 1305 scriptum
512 1220 562 1286 ius
584 1221 733 1304 apopnlo
754 1220 951 1299 conderetur,
974 1237 1136 1288 commune
1156 1217 1262 1289 autem

146 1343 258 1427 scripti
278 1343 355 1409 iuris
376 1360 488 1409 nornen
510 1341 562 1408 lex
581 1348 675 1421 esset,
697 1359 830 1423 cumque
850 1342 987 1408 omninno
1001 1340 1106 1424 legum
1127 1341 1263 1411 latorum

144 1461 375 1548 quodammodo
397 1466 492 1544 caput
513 1465 598 1528 esset
618 1461 764 1544 populus,
785 1461 897 1528 merito
918 1462 968 1529 ius
990 1463 1031 1529 ab
1052 1481 1090 1530 eo
1104 1463 1264 1531 conditum

141 1583 297 1653 communi
318 1582 505 1665 scriptorum
520 1579 599 1647 iuris
613 1587 852 1666 praeceptorum
872 1584 997 1652 nomine
1011 1589 1062 1653 cst
1075 1583 1264 1653 decoratum.

143 1703 397 1770 constituebatur
418 1708 524 1769 antem
545 1701 605 1770 lnoc
626 1703 732 1770 morlo:
758 1707 904 1772 senatore
925 1705 1113 1787 nagisuatu
1134 1707 1266 1775 interro·
1285 1722 1317 1774 ro

143 1830 254 1909 gente,
281 1822 381 1890 ueluti
407 1821 548 1900 consule,
571 1841 611 1889 an
633 1822 665 1889 id
692 1823 836 1908 optinere
862 1831 1035 1908 oporteret,
1055 1825 1190 1912 populus
1211 1826 1266 1893 ed·

147 1945 273 2012 nnebet.
300 1943 394 2010 Plebs
409 1947 460 2011 est
473 1941 595 2024 reliqna
616 1944 717 2010 omnis
738 1943 917 2025 multitudo,
938 1946 1137 2014 aencwrlbus
1157 1964 1267 2028 excep·

146 2068 198 2132 tis.
245 2065 423 2142 insontem
444 2063 485 2130 ab
507 2081 546 2130 ea
567 2063 725 2129 conditum
751 2062 858 2148 plebi
886 2063 1032 2133 scitam
1060 2070 1110 2132 est
1130 2064 1268 2150 appella·

146 2193 222 2264 tum,
244 2185 276 2250 id
299 2189 349 2252 est
370 2182 455 2268 quod
476 2183 565 2265 plebs
587 2183 701 2248 statuit
713 2188 881 2268 ratumque
899 2182 1018 2251 habult.
1047 2185 1171 2268 plebeio
1184 2187 1266 2253 enlrn

147 2304 346 2389 magistratu,
368 2303 466 2370 ueluti
482 2301 618 2379 tribuno,
633 2300 857 2385 interrogante,
877 2301 967 2387 plebs
981 2305 1193 2373 constituebat
1206 2305 1266 2372 ius.
1286 2299 1318 2351 ¹⁵

144 2424 237 2492 Plebs
260 2430 366 2491 antem
387 2443 407 2490 a
428 2423 543 2506 populo
564 2441 602 2490 eo
624 2422 738 2501 differt,
759 2440 823 2504 qno
843 2423 963 2508 speclea
983 2425 1090 2492 differt
1109 2444 1266 2508 egenere.

144 2545 253 2630 populi
276 2545 358 2611 eninr
380 2543 589 2628 appellatione
610 2542 752 2610 uniuersi
772 2543 859 2611 ciues
872 2542 1090 2626 significantur
1103 2562 1268 2614 connume-

144 2665 225 2732 ratio
248 2663 390 2746 patriciis
411 2681 449 2730 ac
470 2663 685 2742 cenantibus,
712 2661 814 2746 plebio
839 2669 946 2732 entem
971 2663 1180 2748 appellatione
1201 2665 1269 2732 sine

104 2809 128 2858 e.
145 2785 286 2868 patriciis
318 2803 356 2852 ac
387 2784 585 2851 senatoribus
614 2784 710 2852 ceteri
742 2784 828 2852 ciues
862 2782 1051 2853 indicantur.
1098 2787 1130 2852 5.
1162 2785 1269 2854 Tertio

145 2908 213 2974 loco
234 2907 308 2974 iura
328 2903 436 2974 condit
457 2906 541 2989 apud
567 2905 724 2972 Romanos
750 2911 890 2972 senatus.
939 2911 1067 2973 senatus
1095 2909 1145 2976 ert
1177 2907 1269 2975 colle·
1285 2913 1321 2966 20

145 3028 233 3110 ginrn
256 3028 396 3094 uirorum
418 3026 622 3101 selectorum,
650 3026 735 3092 omni
758 3027 894 3094 discreto
922 3027 1054 3111 plebeio.
1104 3027 1155 3095 ius
1184 3027 1268 3112 qnod

146 3151 186 3217 ab
216 3167 254 3216 eo
276 3148 436 3216 conditum
465 3153 515 3214 est
540 3145 668 3231 proprio
693 3146 818 3214 nomine
844 3147 958 3214 dicitur
982 3153 1149 3214 senatus
1178 3165 1270 3215 con·

146 3267 305 3336 nultum.
363 3274 413 3334 set
446 3269 507 3334 erit
534 3268 588 3351 qni
617 3266 716 3334 dicat:
747 3285 805 3334 cnr
831 3286 902 3334 cnm
929 3274 1058 3351 possent
1091 3267 1268 3345 conuenire,

145 3389 309 3471 legemque
330 3386 537 3468 constituere,
560 3388 610 3453 ius
631 3387 663 3453 in
690 3395 755 3453 tarn
783 3389 888 3455 nerias
916 3389 994 3456 abiit
1022 3385 1270 3472 appellationes?
