3038 4884
596 387 804 452 ..31-

130 573 376 654 tempestatibus
398 573 566 655 prohibiti,
596 591 666 640 cum
688 573 720 640 iu
751 572 913 654 republica
939 572 1010 638 sine
1036 571 1261 640 controuersiis

130 709 227 772 agere
249 709 311 757 non
334 699 473 772 possent,
496 692 592 757 armis
614 690 771 774 sepositis,
795 690 905 757 litibus
926 691 1094 758 uocabant.
1137 698 1171 758 et
1192 691 1261 774 plu·

130 829 183 876 res
207 811 248 876 ad
275 810 335 877 hoc
364 811 571 894 magistratus
602 809 832 876 constituerant
861 809 915 892 qui
942 828 1050 876 eorum
1079 810 1262 878 dirimerent

131 929 378 1009 controuersias,
410 931 464 1013 qui
487 930 673 996 dicebantur
702 933 956 1010 recuperatores,
987 929 1061 1010 quia
1090 947 1146 1010 per
1176 929 1260 1011 ipsos

131 1048 351 1130 unusquisque
384 1047 524 1114 debitum
554 1066 646 1113 suum
675 1047 856 1131 recipiebat
908 1047 1072 1113 dicebatur
1097 1053 1211 1114 autu
1228 1048 1263 1114 id
1296 1051 1314 1102 ⁶

131 1166 284 1248 temporis
313 1173 553 1248 conuentus,
587 1169 661 1248 quia
690 1167 921 1234 conuertebant
946 1167 1056 1234 eudem
1083 1167 1203 1236 iudices
1230 1175 1264 1236 et

130 1289 318 1374 litigatores
366 1288 477 1354 ultimo
499 1288 597 1371 igitur
620 1289 672 1356 die
694 1293 869 1354 mantus
895 1287 1058 1354 consilium
1088 1288 1263 1354 habebatur

132 1415 165 1474 et
186 1409 219 1474 in
243 1408 412 1491 prouinciis
436 1407 547 1475 eodem
569 1405 670 1474 modo.
715 1407 925 1491 praecedebat
947 1404 1030 1472 enim
1057 1406 1262 1489 magistratus

131 1537 230 1610 atque
252 1531 285 1594 in
307 1526 458 1595 tribunali
479 1545 538 1594 suo
560 1528 763 1605 considebat;
792 1534 824 1592 et
853 1545 924 1593 cum
946 1544 984 1592 eo
1007 1523 1075 1588 XX
1097 1526 1177 1600 uiri,
1207 1525 1263 1606 qui

131 1651 331 1718 uocabantur
349 1649 508 1732 peregrini
531 1658 783 1731 recuperatores,
807 1647 882 1728 quia
904 1667 960 1729 per
990 1665 1044 1713 eus
1072 1644 1262 1728 mancipium
1282 1650 1315 1702 10

131 1768 311 1834 naturalem
343 1767 523 1833 libertatem
551 1767 741 1850 recipiebat:
776 1767 872 1849 (nosti
901 1766 982 1831 enim
1010 1770 1126 1831 natura
1155 1781 1262 1831 omnes

131 1889 250 1954 hberos
278 1888 393 1970 nasci):
422 1905 527 1954 coram
548 1886 627 1968 ipsis
648 1891 754 1952 autem
778 1884 955 1968 probabiles
968 1881 1094 1952 ‘causae
1121 1904 1141 1950 a
1168 1902 1262 1952 manu

132 2007 321 2073 missoribus
342 2007 587 2089 exponebantur.
622 2003 718 2070 fiebat
740 2004 836 2070 etiarn
860 2004 978 2070 Romae
1001 2003 1165 2071 consilium
1187 2021 1263 2086 quo·

133 2128 209 2192 dam
239 2135 412 2193 conuentus
440 2127 507 2207 die,
534 2134 681 2207 praetore
710 2126 874 2192 adsidente
906 2127 938 2190 in
967 2141 1024 2189 suo
1053 2123 1203 2190 tribunali
1230 2130 1263 2189 et

132 2265 205 2312 eum
228 2265 266 2312 eo
289 2244 523 2312 considentibus
545 2246 683 2328 quinque
705 2242 903 2311 senatoribus
931 2250 963 2310 et
990 2242 1128 2325 quinque
1151 2241 1262 2321 equiti·
1282 2253 1314 2306 ro

132 2366 193 2432 bus
215 2364 362 2431 romanis.
407 2365 543 2445 dignitas
572 2383 649 2431 uero
665 2364 836 2444 ¹equestris
864 2363 975 2429 ordine
1005 2361 1163 2428 senatorio
1185 2359 1263 2426 inle-

92 2495 117 2546 c.
133 2486 198 2550 rior
220 2489 299 2549 crat.
345 2485 374 2548 5.
393 2459 490 2548 'uum
518 2481 557 2550 de
586 2482 716 2549 consilio
746 2485 846 2549 simus
876 2482 990 2559 locuti,
1019 2481 1120 2546 iustas
1151 2495 1262 2545 musas

134 2602 347 2685 dispiciamus.
392 2605 476 2669 iusta
499 2605 548 2668 est
570 2621 666 2668 causa
694 2605 721 2667 si
743 2603 844 2668 minor
866 2602 956 2668 annis
978 2599 1038 2664 XX
1060 2607 1183 2680 patrem
1205 2605 1263 2664 aut

133 2730 268 2792 matrem
290 2725 511 2790 manumittere
535 2721 622 2802 uelit,
645 2741 723 2805 quos
746 2726 860 2788 natura
881 2719 1007 2801 quidem
1030 2738 1128 2802 puero
1151 2737 1262 2802 paren·

134 2850 183 2910 tea
211 2844 313 2926 dedit,
342 2843 460 2910 domini
487 2850 592 2910 autem
620 2842 767 2910 uoluntas
794 2859 905 2908 seruos
932 2839 1073 2907 retinuit.
1125 2846 1158 2906 et
1185 2857 1262 2921 quo·
1279 2845 1314 2897 ao

133 2964 229 3028 modo
251 2961 288 3028 fit
311 2963 422 3045 utqui
445 2983 483 3028 en
505 2963 606 3029 seruis
629 2962 771 3042 personis
794 2967 889 3026 uatus
917 2961 975 3039 sit,
1000 2959 1080 3027 liber
1107 2958 1149 3023 sit
1170 2965 1203 3024 et
1224 2958 1263 3024 ci·

134 3084 184 3148 uis
206 3099 365 3159 romanus
389 3087 535 3164 parentes
550 3089 656 3147 autem
679 3081 710 3145 in
733 3079 788 3145 filii
811 3084 969 3162 potestate
991 3077 1076 3143 sint?
1098 3075 1182 3158 finge
1197 3079 1262 3140 tres

134 3201 166 3266 in
190 3201 286 3266 nnius
308 3202 512 3286 eiusdemque
534 3199 659 3282 degisse
685 3197 839 3276 dominio,
867 3199 1025 3264 dominum
1055 3199 1161 3260 autern
1191 3209 1262 3259 cum

134 3325 311 3387 moreretur
332 3318 430 3386 filium
453 3321 604 3386 minorem
626 3318 686 3385 XX
708 3321 798 3385 annis
821 3319 968 3384 heredem
991 3314 1179 3389 instituisse,
1207 3311 1261 3392 qui
