3078 4882
595 379 824 444 -159-

150 569 338 632 ueteranum
359 562 458 630 tilium
481 563 613 632 amum
636 566 820 648 (ueternum
841 571 948 636 autem
966 571 1019 633 ωε
1039 566 1094 648 oeni
1116 564 1274 650 atipcndia

150 683 267 750 meruit
292 685 416 767 iamque
438 685 549 751 militia
572 687 718 752 dimissus
740 686 820 768 est),
842 687 893 754 cui
916 686 956 753 de
977 687 1130 754 castrensi
1150 685 1274 770 pecudis

150 806 374 870 testamentum
396 807 530 872 condere
551 806 633 884 licet,
655 806 738 872 idest
764 807 805 872 de
832 825 868 873 eo
895 806 979 890 quod
1004 805 1136 874 miiitiae
1160 804 1274 873 labori·

152 924 212 989 bns
234 921 401 990 adsecutus
423 935 488 992 est:
510 924 628 992 honore
643 927 724 992 enim
740 923 923 992 adfecerunt
938 943 1010 990 eum
1024 925 1273 992 constitutiones.

150 1042 249 1126 igitur
272 1063 341 1109 curn
364 1042 447 1110 filius
468 1045 602 1111 familias
623 1047 772 1111 inuentus
794 1045 849 1124 sit,
872 1046 926 1128 qui
952 1047 1020 1111 inre
1049 1049 1199 1125 testetur,
1224 1065 1275 1114 re·
1309 1054 1326 1105 ῠ

153 1164 241 1246 liuua
267 1166 485 1250 dispiciamus,
518 1185 593 1232 uum
626 1171 776 1232 ueterano
809 1163 873 1232 filio
907 1163 1041 1232 familias
1070 1171 1207 1234 testante
1236 1161 1275 1234 dc

153 1285 309 1352 castrensi
324 1285 454 1367 peculio,
475 1293 567 1367 pater
582 1287 722 1370 quicum
737 1285 771 1351 in
786 1290 942 1368 potestate
963 1285 1080 1352 babeat
1101 1289 1157 1350 ant
1177 1282 1276 1352 irater

154 1407 209 1486 qui
231 1407 263 1470 iu
278 1405 419 1471 eiusdem
435 1413 591 1488 potestate
606 1407 648 1470 sit
663 1406 873 1472 testimonium
888 1411 1051 1486 praestare
1072 1403 1221 1488 possint?
1244 1412 1277 1472 et

153 1526 255 1606 magis
278 1531 326 1589 est
348 1531 385 1590 ut
406 1543 564 1607 negemus,
589 1525 793 1591 domesticum
823 1523 905 1590 enim
933 1525 1164 1601 testimonium,
1192 1527 1276 1607 quod

154 1645 326 1728 prudentes
349 1654 474 1725 uocant,
497 1664 558 1712 non
581 1652 666 1711 recte
689 1644 885 1710 testamentis
908 1645 1083 1712 adhibetur.
1129 1644 1329 1712 comesti-10

155 1784 226 1831 cum
249 1768 353 1831 autem
376 1767 586 1832 testimonium
615 1784 676 1832 non
703 1785 740 1830 cx
769 1766 953 1848 cognatione
982 1774 1031 1832 set
1057 1784 1095 1832 ex
1121 1767 1277 1834 cummuni

154 1888 313 1966 potestate
335 1885 536 1968 intellegitur.
573 1903 645 1950 nam
667 1883 743 1952 licet
764 1885 794 1951 ei
816 1885 1055 1954 constitutiones
1077 1887 1187 1956 testari
1207 1907 1278 1970 per·

156 2003 315 2082 miserint,
339 2005 482 2086 quamuis
504 2004 597 2070 aiieui
619 2003 698 2068 iuris
720 2005 772 2084 sit,
795 2010 899 2071 tumen
922 2004 1032 2072 iubent
1048 2025 1123 2072 eum
1138 2006 1166 2073 si
1180 2013 1278 2073 teste·

107 2130 220 2202 ratur,
242 2123 320 2189 iuris
341 2141 403 2188 non
425 2131 622 2190 contemnere
644 2129 820 2206 praecepta.
868 2125 916 2190 10.
951 2126 1186 2192 Testamentum
1208 2127 1279 2208 quis

157 2243 234 2308 dum
265 2242 430 2320 conderet,
460 2261 516 2308 me
544 2242 691 2310 heredem
725 2243 878 2324 instituit3
912 2264 1032 2328 nequeo
1064 2246 1278 2313 testimouium
1299 2254 1330 2306 lo

157 2365 322 2442 praestare
355 2363 507 2429 eiusmodi
539 2368 743 2444 testamento,
778 2370 827 2430 set
854 2385 912 2432 uec
941 2365 994 2449 qui
1020 2386 1089 2433 meo
1115 2366 1178 2431 iuri
1206 2365 1280 2434 sub·

156 2482 258 2547 iectus
288 2481 346 2560 sit,
377 2500 435 2548 nec
456 2488 547 2564 pater
576 2483 630 2567 qui
659 2485 767 2550 mein
796 2491 954 2568 potestate
982 2485 1114 2565 habeat,
1138 2505 1195 2553 uec
1217 2485 1279 2554 fra-

156 2608 207 2668 ter
240 2602 294 2682 qui
326 2602 359 2667 in
390 2603 532 2668 eiusdem
566 2605 609 2669 sit
639 2610 805 2688 potestate
860 2624 951 2673 omne
980 2606 1061 2674 cuim
1098 2607 1158 2674 hoo
1190 2625 1280 2690 nego

157 2721 237 2788 tium
271 2721 354 2803 quod
382 2723 491 2805 agitur
524 2724 704 2790 testamenti
736 2724 901 2791 ordinandi
935 2727 1057 2807 gratia,
1090 2726 1196 2809 agitur
1224 2728 1281 2794 bo·

159 2847 211 2911 die
232 2847 317 2910 inter
338 2845 484 2912 heredem
507 2851 540 2911 ct
563 2850 757 2912 testatorem.
802 2845 876 2913 licet
898 2847 979 2913 enim
1003 2847 1077 2911 olim
1097 2853 1202 2914 totum
1222 2847 1281 2914 hoc
1298 2867 1333 2920 ao

156 2965 209 3031 ius
232 2965 454 3031 conturbatum
476 2963 588 3030 fuisset
615 2969 647 3030 et
677 2963 858 3031 confusione
885 2967 1055 3050 repletum,
1082 2985 1152 3033 cum
1179 2967 1281 3034 adhuc

157 3085 297 3154 familiae
319 3093 441 3171 emptor
462 3087 664 3153 adhiberetur
687 3086 771 3168 (uam
793 3086 861 3166 ipse
883 3087 983 3168 prima
1005 3085 1084 3154 facie
1098 3087 1189 3152 heres
1212 3104 1281 3152 ease

160 3208 342 3289 uidebatur)
364 3208 419 3291 qui
433 3227 489 3290 per
511 3207 645 3289 patriam
666 3214 856 3292 potestatem
879 3207 1013 3274 familiae
1037 3207 1170 3290 emptori
1190 3211 1283 3274 crant

158 3327 326 3406 coniuncti,
349 3332 447 3394 testes
469 3346 538 3394 esse
559 3327 740 3412 nequibant
785 3328 839 3408 qui
861 3333 966 3394 autem
985 3346 1045 3412 per
1070 3324 1207 3410 patriam
1228 3342 1282 3405 po·

158 3453 309 3514 testatem
331 3447 440 3514 heredi
462 3447 618 3515 coquncti
640 3454 740 3528 erant,
762 3447 834 3529 qui,
856 3447 903 3513 uti
919 3446 1044 3514 dictum
1067 3452 1133 3524 cst,
1154 3443 1283 3530 propria
