3058 4890
600 417 830 480 -222-

162 601 342 666 eonsules
365 600 565 684 designati
595 611 725 684 erunt,
756 606 822 671 det
851 583 968 672 heres
995 625 1102 672 meus
1129 624 1274 672 eureos

163 719 196 786 O.
229 721 349 787 ineerta
370 723 419 788 hic
440 740 574 804 persona
595 732 659 803 est;
681 743 741 789 non
764 724 846 814 enirn
868 724 966 804 liquet
988 726 1057 808 quis
1078 724 1172 792 filiam
1187 743 1275 790 suant

161 843 192 906 in
214 842 445 907 matrimonium
460 845 620 908 testatoris
641 841 706 910 filio
727 845 935 910 collocaturus
956 847 1007 923 sit,
1034 864 1091 911 nee
1112 847 1182 928 quis
1204 853 1276 927 post

160 966 381 1026 testamentum
403 963 512 1027 consul
534 962 714 1043 designatus
737 964 809 1027 erit:
839 964 878 1028 de
900 983 937 1029 eo
959 966 1040 1029 enim
1069 971 1202 1031 testator
1229 964 1273 1029 iu-

159 1089 338 1163 terrogatus
360 1082 435 1146 nihil
457 1083 533 1148 certi
556 1081 667 1148 afferre
689 1091 805 1165 posset.
839 1093 872 1148 et
892 1081 998 1164 plures
1020 1083 1098 1149 alias
1121 1084 1273 1148 eiusmodi
1307 1089 1324 1139 5

160 1203 279 1281 species
301 1202 475 1281 excogitare
497 1203 579 1268 lieet.
624 1213 672 1268 set
699 1202 827 1269 libertas
856 1220 980 1285 quoque
1005 1204 1142 1268 incertae
1168 1221 1274 1284 perso·

160 1339 219 1386 nae
240 1319 349 1386 relicta
371 1320 488 1386 inutilis
511 1328 574 1398 est,
596 1321 713 1403 placuit
735 1324 817 1388 enim
839 1321 1020 1387 nominatim
1044 1340 1154 1388 seruos
1175 1322 1206 1388 in
1229 1330 1274 1388 te·

160 1447 315 1505 stamento
337 1459 405 1506 esse
426 1441 699 1507 manumittendos.
744 1442 803 1506 sub
832 1451 916 1507 certa
939 1442 1206 1507 demonstratione
1228 1443 1274 1506 in·

160 1567 263 1626 certae
285 1577 437 1641 personae
458 1561 563 1640 ualide
584 1559 690 1642 legare
711 1577 847 1640 possum.
893 1559 989 1626 ueluti
1017 1563 1045 1625 si
1067 1561 1184 1626 dicam:
1206 1561 1273 1642 qui

160 1699 203 1744 ex
225 1681 404 1762 cognatis
426 1684 529 1758 meis,
552 1683 617 1763 qui
640 1699 742 1746 nune
763 1689 872 1758 sunt,
896 1681 1022 1745 liliam
1044 1699 1162 1745 meam
1179 1667 1274 1744 uxo?
1293 1689 1324 1740 10

158 1818 238 1864 rem
260 1801 438 1879 duxerit,
460 1819 479 1865 a
501 1818 580 1866 meo
602 1801 750 1866 herede
771 1777 884 1865 illam
907 1819 986 1866 rem
1007 1798 1191 1881 accipiat.
1222 1798 1273 1864 hie

160 1919 239 1984 enim
263 1938 398 2002 persona
419 1928 468 1985 est
488 1920 623 1993 ineerta;
647 1921 869 1985 demonstratio
896 1925 1016 1998 autem,
1047 1919 1128 1984 idest
1148 1919 1273 1983 uniuer-

159 2039 237 2104 sitas
259 2049 345 2104 certa
367 2046 424 2104 est.
469 2040 533 2105 dixi
555 2041 651 2104 enim:
674 2059 719 2104 ex
741 2040 928 2120 cognatis
950 2038 1060 2117 meis,
1082 2037 1150 2117 qui
1170 2053 1273 2100 nunc

159 2165 265 2222 sunt:
287 2159 341 2238 qui
363 2176 510 2224 numerus
532 2165 635 2224 certus
658 2166 715 2224 est
746 2158 780 2223 Si
801 2157 941 2223 incertae
962 2175 1114 2242 personae
1134 2157 1273 2238 legatum

158 2276 323 2358 reliquero,
344 2278 452 2358 procul
473 2278 568 2343 dubio
589 2277 743 2344 inutiliter
764 2275 908 2342 relietum
930 2284 987 2342 est.
1021 2277 1068 2340 sin
1090 2281 1196 2340 autern
1218 2291 1273 2354 per
1292 2291 1323 2341 rt

159 2414 298 2464 errorem
319 2399 409 2464 heres
431 2398 463 2462 id
485 2397 624 2477 soluerit,
646 2405 788 2479 repetere
810 2415 871 2462 non
894 2395 1020 2477 poterit.
1065 2394 1097 2458 id
1123 2394 1206 2460 enim
1228 2394 1273 2458 di·

104 2518 282 2583 tenuibus
310 2517 582 2583 constitutionibus
610 2522 749 2583 cauetur.
794 2515 845 2579 26.
881 2515 1012 2579 Alienus
1041 2518 1204 2594 postumus
1227 2513 1272 2577 in·

1 2609 2 2618 ¹
157 2640 251 2703 certis
272 2639 413 2720 personis
436 2643 640 2720 eomparatur,
663 2644 696 2699 et
716 2635 786 2700 ideo
808 2632 960 2698 inutiliter
982 2633 1012 2698 ei
1032 2631 1182 2714 legamus.
1219 2629 1272 2694 ille

158 2763 262 2822 autem
285 2757 404 2822 alienus
426 2767 589 2839 postumus
611 2764 757 2836 uocatur,
784 2759 839 2842 qui
866 2767 959 2824 natus
986 2775 1062 2823 suus
1090 2757 1181 2823 heres
1210 2773 1272 2822 non

158 2884 206 2942 est
228 2875 361 2942 iuturus.
406 2897 502 2960 quare
524 2896 620 2961 nepos
642 2897 680 2943 er
702 2879 894 2958 emancipato
916 2875 981 2942 lilio
1008 2895 1077 2944 meo
1103 2883 1323 2958 conceptuum

104 3003 146 3057 m.
157 3004 253 3078 atque
274 3009 367 3064 natus
389 3005 554 3064 extraneus
575 3004 739 3080 postumus
760 2997 838 3062 mihi
859 2996 922 3063 fiet.
956 2998 1006 3060 27.
1031 2998 1086 3063 Set
1107 2997 1184 3063 haee
1206 2997 1271 3079 qui·

157 3119 228 3182 dem
250 3116 337 3197 olim;
359 3118 539 3183 constitutio
560 3122 665 3183 antem
686 3118 834 3199 principis
860 3119 959 3183 nostri
984 3119 1016 3182 in
1045 3116 1144 3197 ipsius
1167 3114 1272 3182 codice

155 3237 258 3317 posita
279 3245 379 3302 toturn
401 3238 450 3301 ins
471 3236 511 3301 de
532 3235 658 3300 incertis
680 3236 822 3318 personis
845 3237 921 3301 mire
935 3234 1118 3301 emendauit
1139 3252 1200 3298 non
1222 3250 1271 3298 so·

155 3356 220 3422 lum
241 3359 274 3421 in
296 3355 531 3433 hereditatibus,
554 3364 603 3422 set
623 3358 655 3421 in
675 3353 788 3438 legatis
809 3373 933 3439 quoque
953 3363 987 3422 et
1008 3351 1267 3422 fideicommissis.
