3038 4884
573 397 784 466 ..65-

123 579 350 662 hilinquirens
373 600 412 651 sn
435 581 574 668 locuples
596 581 640 650 sit
661 601 701 653 su
723 583 833 670 pupilli
859 603 909 656 res
931 584 1151 660 administrare
1171 601 1243 668 pos·

125 698 181 779 sit,
204 717 276 766 eum
291 700 327 766 ei
347 700 389 767 sd
411 700 623 784 plenissimum
643 703 858 785 probationem
881 703 1019 776 defuncti
1039 702 1174 772 snifioiut
1195 705 1243 772 iu·

121 819 248 886 ditium.

234 1427 294 1507 Qui
317 1429 384 1496 duri
406 1434 526 1497 tutores
548 1436 736 1498 testamento
758 1437 899 1513 possunt
942 1432 1065 1500 Titulus
1090 1432 1138 1496 14.

215 1615 296 1684 Oum
320 1617 490 1685 dixerimus
512 1617 565 1699 qui
588 1623 708 1686 tutores
729 1616 908 1703 relinquere
928 1619 1059 1704 possint.
1084 1619 1246 1688 uouemus

127 1737 185 1818 qui
207 1736 345 1820 relinqui
367 1737 497 1820 possint
541 1737 616 1804 dure
645 1745 751 1805 sutem
778 1756 946 1822 possumus
973 1757 1036 1806 non
1064 1739 1165 1806 solum
1193 1758 1248 1822 ps·
1280 1747 1298 1800 t

87 1856 108 1905 1·
132 1855 350 1937 tresfsmiliss,
373 1862 423 1923 set
444 1856 537 1922 etium
562 1854 787 1923 filiusfamilias.
833 1863 861 1922 1.
895 1856 952 1925 Set
979 1864 1012 1924 et
1039 1875 1164 1924 seruum
1193 1876 1247 1924 no·

129 1981 233 2042 strum
255 1975 287 2041 in
310 1981 500 2042 testamento
522 1994 591 2043 eum
612 1975 758 2044 libertato
780 1983 865 2044 recte
892 1983 1029 2046 tutorem
1057 1977 1177 2044 dumus.
1221 1978 1249 2043 si

130 2085 209 2160 'utero
232 2112 358 2160 seruum
382 2094 507 2192 quidem
534 2099 669 2162 tutorem
698 2095 764 2162 lilio
794 2114 862 2164 meo
892 2096 1047 2180 dederim,
1072 2098 1248 2181 libertatem

131 2221 237 2282 antem
265 2214 295 2280 ei
321 2233 382 2282 non
408 2214 642 2297 adscripserim,
670 2223 718 2288 set
745 2216 813 2284 sine
839 2209 984 2286 lihertete
1010 2235 1081 2296 eum
1111 2222 1249 2288 tutorem

130 2333 322 2416 reliquerim,
344 2334 463 2416 placuit
491 2333 601 2406 fauore
621 2334 810 2418 pupillorum
838 2336 990 2404 directum
1018 2335 1048 2404 ei
1074 2339 1251 2418 competere
1269 2350 1302 2403 10

132 2452 313 2520 libertatem
337 2458 369 2520 et
389 2471 446 2534 per
466 2453 526 2522 hoo
547 2460 632 2522 reete
653 2461 789 2522 tutorem
811 2473 881 2522 esse
901 2456 1019 2522 dotum.
1052 2454 1122 2521 ideo
1143 2461 1251 2522 eutem

136 2572 353 2639 ‘directam
374 2572 627 2640 libertatem«
652 2574 681 2640 ei
701 2579 879 2657 competere
901 2573 963 2640 dixi
985 2580 1021 2640 ut
1042 2573 1134 2640 simul
1156 2579 1251 2656 etque

133 2694 290 2758 moriatur
310 2697 459 2772 testator,
482 2693 549 2760 sine
571 2691 634 2760 ullo
655 2693 876 2776 impedimento
906 2711 1017 2764 seruus
1042 2693 1122 2761 liber
1150 2693 1251 2760 luctus

131 2813 265 2880 tutelam
288 2813 447 2896 suscipiat.
490 2832 563 2880 num
589 2813 616 2882 si
642 2813 928 2882 fideicommissario
956 2819 1055 2889 esset,
1084 2812 1250 2883 manumis-

136 2932 226 3000 sione
248 2951 268 2998 e
289 2932 407 3018 pupillo
427 2933 511 3011 iactu
531 2952 610 3018 opus
632 2940 724 3004 esset
755 2934 838 3014 Quid
859 2939 964 3010 sutem
985 2932 1017 3014 id
1038 2934 1089 3008 sit,
1110 2932 1252 3017 apertius
1271 2937 1303 2990 15

134 3051 302 3124 dicendum
321 3059 381 3120 est.
425 3054 502 3120 haee
523 3059 597 3122 ente
618 3055 859 3131 omniehsheus
880 3060 1054 3138 perspectu
1087 3051 1251 3120 inueniun-

135 3177 191 3238 tur
214 3173 247 3237 in
269 3171 467 3239 testamentis
488 3149 586 3240 uerte
607 3173 749 3256 diuerss;
772 3179 846 3240 sunt
867 3174 948 3240 enim
969 3173 1122 3256 quaedam
1137 3170 1251 3253 quibus

135 3292 286 3358 heredem
308 3291 516 3372 instituimus,
545 3293 607 3358 elie
620 3293 740 3375 quibus
761 3293 918 3376 legemus,
949 3292 1009 3358 slis
1035 3291 1147 3375 quibus
1169 3295 1249 3356 tuto·

133 3431 202 3478 rem
227 3413 356 3492 damus,
383 3411 446 3478 ulio
467 3411 581 3494 quibus
602 3411 778 3480 libertatem
800 3411 1020 3495 relinquimus,
1048 3411 1111 3477 elie
1139 3409 1252 3493 quibus

134 3528 377 3598 fideicommissa
410 3537 465 3598 sut
492 3531 809 3600 fideicommissariam
836 3531 1012 3598 libertatem
1040 3529 1252 3610 relinquimus.
1269 3543 1305 3598 2⁰

132 3649 331 3717 instituimus
346 3655 450 3717 sutem
465 3649 610 3717 heredem
624 3650 674 3716 his
689 3649 811 3718 uerbis:
834 3649 944 3716 illum
967 3647 1151 3716 heredem
1167 3665 1252 3714 esse
