3096 4890
720 402 911 464 ..6-

251 589 326 663 ίίρον
351 586 460 649 καὶτὰ
484 585 722 671 παραδείγματα
745 586 919 666 ἀναγκαίως
942 585 1106 670 ὀφείλομεν
1129 586 1223 650 εἰπεῖν
1239 589 1288 651 καί
1309 591 1380 673 περὶ

253 694 306 755 τοῦ
330 687 461 754 ἐθνικοῦ.
470 689 495 770 ¹)
518 690 536 751 ό
556 687 617 773 γὰρ
634 687 785 752 πολιτείαν
807 693 958 753 πενεστῶν
982 691 1030 752 καί
1049 689 1243 772 βουλόμενος
1267 690 1378 778 ταύτην

253 791 387 876 νόμοιςλ)
411 795 563 876 κοσμῆσαι
585 793 652 863 ταῖς
675 788 763 871 δύοί)
787 790 912 867 ταύταις
936 791 1077 878 προέχων
1100 790 1185 866 όδοῖς
1213 792 1266 877 τήν
1289 816 1377 875 νομο-

252 894 360 958 θεσίαν
383 893 559 980 ἐργάζεται.
608 892 630 981 ή
658 895 719 977 γὰρ
741 891 881 966 ἐθνικοῦς
908 891 1037 979 τίθησιν,
1067 892 1123 969 οὓς
1151 895 1199 956 καί
1228 894 1378 976 φυσικοὺς

218 1002 505 1084 5καταγρηστικιῦς
528 997 690 1078 καλοῦμεν,
724 995 742 1082 ἢ
778 996 949 1070 πολιτικούς
982 997 1030 1059 καί
1062 995 1115 1082 ή1)
1145 995 1325 1079 ἐγγράφους
1358 997 1377 1082 ἢ

203 1133 204 1136 ¹
252 1099 427 1183 ἀγράφους.
472 1100 561 1181 Καίί)
593 1100 621 1162 τί
645 1098 724 1162 ἐστιν
748 1099 868 1163 ἐθνικὸν
899 1099 1042 1183 νόμιμον;
1070 1097 1189 1162 ἐθνικδν
1218 1098 1378 1183 νόμιμόνὶῑ)

252 1201 317 1265 ἐστι
338 1204 373 1264 τδ
390 1203 467 1265 κατὰ
490 1203 613 1265 πάντων
637 1200 816 1285 ἀνθρώπων
839 1200 934 1288 ήγουν
957 1206 1020 1264 τῶν
1042 1199 1266 1285 λελογισμένως
1287 1201 1377 1283 βιοῦν

252 1303 425 1368 ἐθελόντων
448 1303 711 1388 ἐπεκτεινόμενον,
735 1303 972 1386 παραδείγματα
996 1303 1032 1365 δὲ
1054 1303 1148 1368 αὐτοῦ
1167 1304 1203 1365 τδ
1225 1304 1298 1376 τοὺς
1321 1327 1377 1387 φο·

253 1410 315 1482 νεῖς
337 1405 565 1490 ἀποτέμνεσθαι
588 1407 653 1488 [δεῖ
677 1405 738 1488 γὰρ
767 1406 880 1481 αύτούς
909 1404 952 1468 δι’
984 1404 1029 1467 ὧν
1059 1405 1208 1492 ἠδίκησαν
1237 1411 1375 1490 τιμωρεῖ-

204 1509 235 1560 l0
253 1506 374 1590 019m⁶JJ
398 1509 519 1571 καὶτὸν
544 1510 653 1593 μοιχὸν
685 1508 888 1584 κολάζεσθαι,
918 1510 971 1571 τὸν
999 1508 1129 1594 κλέπτην
1160 1509 1203 1580 εἷς
1229 1510 1375 1595 χρήματα

253 1610 470 1693 τιμωρεῖσθαι,
493 1609 599 1695 ἐπειδὴ
634 1609 770 1694 ἔβλαψεν
803 1613 886 1696 ημᾶς
915 1612 984 1696 περί
1007 1610 1169 1697 χρήματα,
1200 1612 1254 1673 τδν
1273 1611 1375 1698 χρεώ-

254 1736 327 1800 στην
352 1713 534 1796 εὐγνώμονα
557 1713 730 1794 γίνεσθαιί)
756 1715 834 1796 πρὸς
858 1714 909 1774 τὸν
932 1713 965 1774 ἐν
988 1717 1087 1796 καιρῷ
1114 1713 1249 1796 ἀνάγκης
1269 1714 1376 1799 χρήσι-

250 1839 308 1898 μον
332 1813 487 1898 ὀφθέντα,
515 1816 567 1876 τὸν
596 1813 714 1900 οἰκέτην
743 1813 952 1902 ὑποτετάχθαι
980 1817 1044 1887 ταῖς
1073 1814 1211 1894 εὐλόγοις
1245 1817 1375 1896 προςτά-

254 1917 348 1998 ξεσιθ)
373 1921 433 1978 τῶν
457 1917 633 1994 δεσποτῶν,
655 1919 691 1977 τὸ
713 1915 852 1998 γίνεσθαι
878 1915 1115 1999 συναλλάγματα
1145 1919 1276 1998 πράσεις
1303 1917 1374 1997 ἀγο-

204 2035 234 2084 15
250 2020 366 2104 ρασίας
386 2018 560 2102 μισθώσεις
582 2019 786 2099 ἐκμισθώοεις
802 2018 1068 2105 παρακαταθήκας
1083 2017 1242 2092 κοινωνίας
1257 2020 1373 2095 δάνεια,

254 2124 287 2182 τδ
309 2120 449 2202 γίνεσθαι
472 2120 641 2205 δωρεάςὸ),
665 2120 817 2204 διαθήκας
840 2121 1091 2204 συγγράφεσθαι.
1114 2120 1304 2185 1))ΙῙολιτικδν
1328 2124 1375 2182 νό-

249 2221 343 2306 μιμόν
366 2221 457 2298 ἐστιν,
480 2223 558 2302 ὅπερ
582 2224 632 2285 καί
654 2224 774 2285 τοπικδν
796 2225 845 2285 καὶ
870 2223 1066 2310 γρειῶδεςέθ)
1098 2224 1373 2310 προσαγορεύεται,

253 2328 286 2387 τὸ
308 2324 395 2406 τύπῳ
419 2324 703 2410 περικεκλεισμένον
728 2327 777 2388 καί
801 2326 895 2388 τύπου
913 2325 1026 2414 χρείαν
1049 2327 1247 2412 ἀποπληροῦν
1270 2327 1318 2388 καὶ
1340 2332 1373 2388 τι)

252 2430 365 2491 λυποῦν
387 2427 502 2492 ἐκεῖνον
524 2429 577 2490 τὸν
602 2427 694 2490 τόπον
717 2427 872 2490 ἐκκόπτον.
910 2429 990 2490 οἷον·
1012 2431 1032 2514 ή
1057 2434 1116 2490 τῶν
1139 2428 1298 2515 ἀθηναίων
1321 2427 1374 2491 πό-

200 2539 235 2590 20
252 2531 296 2605 λις
318 2529 491 2613 ἐπεισάκτῳ
515 2527 664 2614 ἐκέχρητο
675 2529 712 2607 ¹¹)
735 2529 825 2613 σίτῳ,
850 2530 899 2592 οἷα
921 2530 1100 2612 λεπτόγειος
1121 2529 1210 2608 οὖσα,
1240 2532 1291 2594 καὶ
1318 2530 1374 2614 μέ-

252 2654 354 2711 γιστον
377 2631 415 2718 ήν
445 2632 478 2694 ἐν
506 2632 583 2718 αὐτή
610 2631 773 2714 ἐλάττωμα
803 2633 836 2695 τὸ
861 2636 916 2718 τῆς
944 2632 1146 2714 σιτοδείαςέἐ)
1176 2629 1332 2714 πάθοςῑί),
1356 2631 1373 2690 ό

252 2735 350 2796 τοίνυν
381 2735 575 2818 βουλόμενος
608 2738 695 2799 τοῦτο
704 2733 741 2814 ¹⁴)
773 2738 968 2799 καταπαῦσαι
999 2734 1030 2800 τί
1056 2735 1093 2797 ἀν
1126 2734 1372 2820 ἐνομοθέτησεν,

251 2833 316 2920 ήῑί)
352 2827 432 2910 ιύςτε
454 2836 527 2909 τοὺς
555 2836 761 2919 σιτερπόρους
789 2837 929 2912 ἀτελείας
956 2837 1139 2915 ἀξιοῦσθαι;
1172 2835 1282 2900 τούτου
1313 2837 1372 2920 γὰρ

253 2936 349 3022 δήλου
373 2938 543 3023 γινομένου,
568 2939 673 3001 πολλοὶ
695 2937 862 3002 κατέπλεον
891 2938 939 3001 ἐπὶ
969 2939 1021 3024 τήν
1052 2939 1172 3024 ἀττικην
1195 2939 1251 3001 δύο
1263 2946 1374 3026 ,ταῦτα

199 3047 233 3098 25
252 3040 543 3125 πραγματευόμενοι
568 3042 619 3104 καὶ
645 3042 691 3103 ὅτι
721 3047 826 3128 ταχεῖα
857 3041 907 3104 διὰ
937 3043 989 3129 τήν
1019 3041 1140 3105 ἔνδειαν
1167 3044 1186 3127 ή
1211 3049 1264 3107 τοῦ
1286 3040 1372 3120 σίτου

251 3143 415 3229 γενήσεται
437 3145 552 3226 πράσις
574 3145 623 3207 καὶ
645 3145 724 3226 πρὸς
747 3145 866 3219 τούτοις
888 3145 934 3207 ότι
956 3144 1044 3218 τέλος
1060 3145 1137 3228 ὑπὲρ
1161 3151 1216 3232 τής
1231 3142 1373 3229 τοιαύτης

250 3244 306 3308 οάκ
328 3244 570 3328 ἀποτιθέασινέῧ)
595 3245 757 3330 ἐμπορίας.
789 3247 908 3310 πολλῶν
932 3247 968 3310 δέ
989 3247 1224 3310 καταπλεόντων
1248 3245 1374 3318 είκύτως

251 3367 456 3378 ...n——

318 3417 341 3482 1)
359 3415 506 3483 ἀναγκαῖον
526 3414 611 3466 εἰπεῖν
630 3414 662 3467 P.
762 3415 785 3476 1)
806 3434 828 3471 ν.
847 3434 869 3468 τ.
889 3415 919 3468 F.
939 3414 970 3468 R.
995 3416 1055 3477 νόμ.
1075 3414 1116 3468 de.
1134 3414 1164 3468 P.
1272 3413 1295 3480 ³)
1315 3413 1375 3465 δυσί

251 3499 281 3553 F.
299 3498 331 3553 R.
434 3501 458 3564 ⁴)
476 3499 517 3553 de.
535 3499 565 3552 P.
652 3499 674 3566 1)
694 3497 734 3554 de.
753 3498 786 3552 R.
889 3500 912 3567 6)
929 3499 975 3553 ita.
995 3499 1024 3552 P.
1043 3499 1074 3552 F.
1092 3499 1138 3566 Β,
1157 3499 1204 3567 qui
1221 3499 1255 3553 do
1273 3498 1375 3565 glosse-

250 3590 322 3638 mate
340 3591 413 3639 recte
432 3585 599 3652 suspicatur,
623 3599 684 3637 nam
702 3583 866 3638 multifariae
885 3600 992 3652 quoque
1011 3583 1154 3638 traduntur
1178 3583 1307 3638 leetiones
1325 3581 1374 3635 Ll.

250 3668 364 3722 ἕκαστον
381 3669 486 3722 τούτων
507 3670 545 3721 δι’
564 3667 601 3720 ὧν
620 3669 730 3739 ήδίκησε
748 3686 802 3732 τιμ.
822 3667 871 3721 Μ.
891 3668 975 3721 αὐτὸν
993 3713 1000 3725 .
1020 3709 1026 3720 .
1044 3706 1051 3722 .
1067 3669 1185 3739 ἠδίκησε.
1288 3669 1311 3734 ’1)
1328 3684 1373 3734 γε·

251 3755 349 3807 νέσθαι
367 3755 415 3809 hl.
520 3755 542 3822 8)
560 3754 604 3806 καί
625 3754 668 3808 αδ.
687 3754 718 3807 Ρ.
819 3755 843 3820 9)
868 3757 999 3814 τοῖς...
1023 3754 1215 3822 προστάγμασι
1238 3754 1271 3807 R.

250 3842 284 3904 1⁰)
307 3840 357 3893 Ll.
381 3839 430 3894 11².
455 3839 486 3896 F.
504 3843 547 3892 καλ
561 3857 632 3910 χρει.
656 3857 716 3892 τοπ.
735 3839 764 3893 Ρ.
787 3841 817 3892 τί
836 3841 895 3893 ἐστι
922 3859 948 3893 π.
973 3857 1007 3907 ν.;
1035 3840 1114 3908 ὅπερ.
1139 3858 1163 3894 τ.
1191 3838 1234 3892 καί
1263 3856 1312 3908 χρ.
1341 3837 1373 3891 R.

250 3927 285 3990 11)
301 3925 351 3978 Ll.
369 3924 417 3977 12².
436 3926 465 3979 P.
485 3926 523 3978 ἐκ.
542 3926 584 3980 ἐπ.
603 3924 660 3978 FR.
768 3925 805 3990 11)
829 3927 953 3985 σιτωνίας
975 3926 1023 3981 Ll.
1047 3926 1097 3978 [τέ.
1204 3927 1240 3994 11)
1258 3926 1306 3980 Ιι1.
1325 3924 1374 3977 Ιιέ.

250 4011 279 4064 P.
303 4010 334 4064 F.
356 4010 446 4079 βάρος
468 4010 500 4066 R.
608 4011 643 4075 14)
667 4011 682 4062 ό
705 4014 787 4063 τοῦτο
809 4012 898 4064 τοίνυν
920 4011 948 4076 β.
971 4029 995 4064 κ.
1018 4011 1067 4065 F2.
1090 4011 1123 4067 R.
1230 4012 1266 4080 ¹⁵)
1290 4014 1373 4063 τοῦτο

249 4097 297 4150 ine.
316 4095 348 4151 R.
457 4097 492 4164 1⁵)
512 4097 545 4148 οὐ
562 4097 683 4149 κατατιθ.
708 4095 737 4148 Ρ.
756 4095 787 4149 F.
805 4096 836 4150 R.

319 4186 346 4248 a)
364 4182 424 4251 Epi.
443 4186 468 4250 2,
486 4185 517 4236 21
537 4181 645 4242 ἐθνικὸς
663 4182 694 4234 δέ
712 4183 792 4246 νόμος
809 4188 860 4236 cet.
962 4182 991 4248 b)
1009 4181 1069 4250 Epi.
1088 4186 1113 4243 2,
1131 4185 1174 4236 22.
