3038 4884
728 417 937 479 ..61..

273 603 336 662 τῶν
358 599 512 664 εἰκονικῶν
536 601 683 685 πράσεων
706 601 925 685 παυσαμένους
946 603 1027 688 ημᾶς
1048 603 1077 666 ⁸)
1087 601 1171 686 παρὰ
1187 609 1232 687 τῷ
1246 597 1390 686 ἁρμοδίιμ

272 702 402 788 δικαστῇ
424 701 518 790 ἤγουν
540 707 605 778 τοῖς
634 703 796 790 άργουσιί)
824 702 975 768 δύνασθαι
1003 703 1075 780 τοὺς
1101 705 1202 783 γονεῖς
1231 701 1389 785 εἰσιέναιί)

271 806 321 868 καί
336 804 405 880 τοὺς
421 804 551 881 οἰκείους
566 804 649 878 υίοδς
664 803 684 892 ἢ
699 804 868 889 θιγατέρας
883 803 902 891 ἰ)
919 805 1063 888 ἐκγόνους
1078 803 1098 891 ἢ
1113 805 1241 887 ἐκγόνας
1257 803 1391 880 καὶτοὺς
1511 861 1512 888 ,

273 905 390 993 ἐφεξῆς
410 911 467 993 τῆς
489 906 604 982 οἰκείας
626 905 814 991 ἐλευθεροῦν
830 906 1088 994 δπεξουσιότητος
1109 907 1256 989 λέγοντας
1278 905 1392 970 ἁπλού-

239 1025 400 1094 σστερον·
434 1009 549 1072 τόνδε
583 1013 679 1074 ποιώ
713 1009 1001 1093 emancipaton
1032 1012 1090 1073 καί
1119 1014 1187 1096 τῆς
1213 1005 1391 1095 ἐμαυτοῦ
1509 1015 1512 1024 “

273 1112 409 1198 ἀφίημι
432 1113 574 1200 χειρός.
618 1113 667 1175 καί
693 1111 773 1195 μετὰ
803 1112 855 1196 τὴν
881 1111 1023 1198 τοιαύτην
1051 1111 1310 1194 emancipationa
1337 1109 1392 1174 ἐὰν
1508 1103 1512 1145 ³

273 1214 377 1300 συμβῇ
395 1216 448 1276 τὸν
470 1213 634 1298 γενόμενον
657 1213 675 1301 ἢ
699 1214 751 1300 τὴν
773 1213 940 1300 γενομένην
963 1214 1185 1298 θιααυοίρυλου
1212 1213 1394 1301 tentanti·
1509 1253 1510 1256 =

272 1313 403 1398 pttan³)
427 1317 605 1400 τελευτῆσαι
627 1315 743 1378 όπαιδα
766 1313 959 1397 διαθέμενον,
982 1316 1021 1379 τὰ
1047 1317 1125 1379 αύτὰ
1154 1315 1391 1404 παρασχεθησε-
1509 1345 1512 1352 ’

273 1440 321 1482 ται
343 1417 378 1480 ἐκ
398 1415 453 1482 τοῦ
476 1417 582 1482 edictu
603 1415 658 1481 τοῦ
680 1416 848 1500 ρταὸἰοτοε
869 1421 916 1504 τῷ
939 1417 1187 1504 ἐλευθερώσαντι
1208 1423 1295 1498 γονεῖ
1314 1419 1393 1482 κατὰ

224 1525 256 1576 10
273 1523 336 1583 τῶν
357 1517 412 1582 τοῦ
434 1519 675 1607 τελευτησαντος
697 1518 807 1594 παιδός
830 1521 1029 1604 πραγμάτων,
1053 1521 1114 1584 όσα
1130 1520 1250 1585 δίδοται
1265 1524 1313 1608 τῷ
1336 1523 1395 1586 πά-

272 1645 367 1707 τρωνι
390 1623 466 1685 κατὰ
489 1627 543 1710 της
565 1623 670 1699 οὐσίας
691 1621 747 1686 τοῦ
777 1621 992 1706 ἀπελευθέρου
1020 1622 1151 1698 ἄπαιδος
1178 1623 1226 1686 ἐπὶ
1255 1622 1392 1712 διαθηκη

273 1725 523 1811 τελευτησαντος.
561 1725 587 1787 εἰ
609 1723 645 1788 δὲ
667 1726 716 1788 καί
737 1724 842 1810 συμβῇ
862 1724 936 1818 τοὺς
958 1722 1294 1806 οιαυυοίραίθτιθέντας
1315 1726 1392 1814 ἄνη·
1504 1743 1512 1800 ᾖ

272 1826 352 1908 Ιθους
381 1825 457 1890 εἶναι
486 1828 503 1888 ό
533 1825 756 1911 ἐλευθερώσας
784 1827 997 1910 ἐπιτροπεύσει
1026 1824 1174 1906 αὐτῶνθ)
1219 1825 1394 1907 παρέπεται

273 1925 334 2013 γὰρ
357 1929 393 2014 τῇ
415 1927 502 1990 δύσει
526 1931 580 2014 τῆς
601 1926 786 2010 ἐλευθερίας
808 1930 841 1990 τὸ
865 1931 919 2014 τῆς
941 1926 1107 2012 ἐπιτροπῆς
1128 1925 1241 2009 βάρος.
1272 1929 1303 1991 ῖ.
1320 1927 1394 2016 ώῖχέ
1412 1942 1437 1993 7.

226 2036 255 2086 15
274 2051 319 2107 τις
340 2031 403 2094 υίδν
426 2033 474 2094 καί
496 2031 529 2094 ἐκ
550 2031 661 2096 τούτου
677 2029 801 2114 ἔκγονον
816 2029 836 2117 ἦ
851 2029 980 2116 ἐκγόνην
997 2029 1241 2110 ύπεξουσίουςώ)
1263 2029 1394 2095 δύναται

273 2133 396 2217 τὸνμὲν
412 2135 476 2196 υίδν
495 2140 591 2198 ποιεῖν
605 2132 871 2216 οωευαίρυῒοαΰ),
887 2135 959 2208 τοὺς
973 2133 1010 2196 δέ
1021 2132 1166 2215 ἐκγόνους
1180 2137 1304 2217 κρατεῖν
1320 2134 1394 2197 ὑπε-

274 2233 429 2316 ξουσίους,
448 2236 495 2298 καί
517 2235 551 2300 ἐκ
571 2234 627 2299 τοῦ
649 2235 786 2300 ἐναντίου
809 2237 881 2310 τοὺς
899 2235 1044 2317 ἐκγόνους
1064 2237 1158 2298 ποιεῖν
1173 2234 1393 2320 εωαααίρίεῐυε

274 2337 496 2425 παρακατέγεω
513 2339 548 2404 δέ
562 2339 595 2402 in
610 2344 769 2421 potestate
786 2343 835 2404 τδν
852 2340 925 2404 υίόν.
943 2339 970 2402 εἰ
982 2339 1018 2402 δέ
1034 2341 1082 2402 καί
1097 2339 1283 2422 προέκγονον
1297 2337 1393 2428 ἔχειῆ

278 2442 467 2528 προεκγιίνην
483 2443 520 2505 τὰ
535 2441 616 2506 αὐτά
630 2467 741 2528 φαμεν,
765 2435 810 2507 ότι
833 2442 934 2516 ἔξεστι
953 2445 1076 2528 τὸνμὲν
1093 2441 1279 2528 προέκγονον
1296 2445 1394 2504 ποιεῖν

223 2561 257 2611 20
276 2544 507 2627 emancipat0n‚
531 2547 581 2608 τὸν
605 2545 640 2610 δὲ
656 2547 719 2610 υίδν
741 2547 791 2609 καί
813 2546 958 2628 ἐκγόνους
976 2544 1196 2632 παρακιιτέγειν
1227 2543 1245 2628 ἢ
1274 2542 1307 2605 ἔκ
1337 2541 1394 2606 τοῦ
1508 2623 1509 2626 ¹

274 2645 444 2726 ἐναντίουί)
475 2645 495 2731 ἢ
525 2647 572 2710 καί
599 2651 716 2721 πάντας
739 2653 831 2712 ποιεῖν
854 2647 1081 2730 emancipttuS.
1115 2649 1144 2711 8.
1167 2645 1247 2710 Ἕστί
1269 2646 1319 2708 καὶ
1340 2645 1394 2707 άλ-
1412 2645 1438 2696 8·

274 2748 327 2820 λος
351 2748 464 2833 τρόπος
487 2749 620 2812 διαλύων
645 2752 677 2813 τὸ
699 2750 731 2814 in
754 2754 922 2834 potestate.
950 2749 1007 2814 ἐὰν
1029 2751 1123 2834 γὰρ’)
1146 2753 1199 2814 τὸν
1221 2749 1297 2835 έμδν
1321 2749 1392 2813 ύπε-

275 2850 397 2924 ξούσιον
421 2851 515 2931 υῖδνί)
544 2853 588 2927 εἰς
609 2851 766 2917 υἱοθεσίαν
789 2854 941 2940 παράσχω
963 2861 1010 2938 τῷ
1028 2855 1105 2939 πρὸς
1130 2855 1247 2936 πατρὸς
1270 2851 1289 2938 ἢ
1312 2855 1394 2938 πρὸς

271 2954 392 3038 μητρὸς
414 2954 538 3035 πάππῳ,
563 2953 718 3018 διαλύεται
738 2956 795 3039 μὲν
818 2956 835 3018 δ
860 2955 940 3042 εἰχον
962 2955 994 3020 in
1009 2959 1171 3038 potestate
1194 2956 1266 3019 κατ’
1282 2954 1392 3042 αὐτοῦ,

223 3085 256 3136 25
272 3053 470 3139 μετατίθεται
492 3053 526 3117 δὲ
557 3056 600 3130 εἰς
621 3059 674 3120 τὸν
697 3061 828 3122 πάππον.
871 3057 985 3139 γίνεται
1007 3059 1042 3124 δέ
1064 3057 1173 3124 τοῦτον
1195 3059 1247 3123 τὸν
1272 3060 1394 3140 τρόπον

275 3157 323 3219 ἐπὶ
356 3155 583 3243 ὑπομνημάτων
606 3163 667 3221 τῶν
677 3161 712 3242 ¹⁰)
744 3162 964 3245 πραττομένων
996 3159 1046 3226 ἐπὶ
1076 3171 1130 3226 τού
1155 3163 1306 3252 ἄρχοντος
1333 3165 1394 3226 τοῦ

275 3258 468 3343 προσρόρου.
514 3260 565 3324 δεῖ
582 3261 644 3347 γὰρ
666 3261 797 3325 εἰσιόντα
821 3265 871 3324 τὸν
894 3262 1030 3344 πατέρα,
1059 3255 1213 3349 παρόντος
1234 3267 1291 3330 τοῦ
1313 3265 1395 3326 πάπ-

272 3353 335 3425 που
359 3365 414 3428 τοιῖ
432 3362 598 3442 μέλλοντος
620 3361 666 3438 είς
693 3363 932 3450 ύπεξουσιύτητα
962 3363 1056 3431 αὐτὸν
1086 3366 1317 3449 λαμβάνειν,“)
1349 3363 1395 3429 ἔτι

275 3464 311 3528 δὲ
332 3467 459 3529 καὶτοῦ
481 3464 591 3540 παιδὸς
611 3469 669 3530 τοῦ
693 3465 737 3540 εἰς
759 3465 845 3530 θέσιν
869 3468 1083 3555 παρεχομένου
1107 3470 1322 3541 συναινοῦντος
1341 3469 1395 3531 καί

224 3583 259 3636 30
274 3567 317 3654 μὴ
341 3567 564 3648 ἀντιλέγοντος,
588 3565 644 3632 ἐὰν
667 3569 842 3656 φανερώση
872 3571 925 3656 τὴν
955 3569 1066 3634 οἰκείαν
1095 3572 1221 3656 γνώμην
1249 3571 1266 3633 ό
1290 3569 1393 3656 πατὴρ

276 3669 379 3746 εἰπών,
402 3670 447 3732 ότι
469 3669 586 3732 τόνδε
609 3669 750 3754 δίδωμι
772 3671 830 3746 εἰς
860 3670 965 3734 θέσιν
995 3671 1161 3757 τῷδε,ἰί)
1193 3669 1395 3753 μετατίθεται

347 3804 368 3870 ¹)
387 3806 426 3872 τῷ
439 3799 551 3874 ἄρχοντι
563 3803 596 3857 R.
608 3810 649 3858 net
666 3802 796 3873 glosnema
812 3804 978 3874 probabilius
996 3813 1044 3859 est.
1113 3806 1136 3870 ²)
1154 3806 1293 3874 προσιέναι
1310 3804 1339 3858 Ρ.
1359 3803 1393 3860 R.

275 3887 298 3955 ³)
317 3884 378 3941 dedi
396 3902 429 3940 ex
448 3888 495 3941 L¹.
513 3888 559 3940 τὸν
577 3889 718 3957 γινόμενον
737 3889 754 3958 ἢ
773 3889 822 3957 τὴν
840 3889 984 3959 γενομένην
1004 3890 1183 3958 ἐμαγκίπατσν
1204 3890 1233 3943 Ρ.
1294 3892 1319 3956 4)
1330 3891 1392 3942 τού-

276 3989 332 4024 των
347 3971 378 4025 R.
482 3974 505 4038 ⁵)
524 3971 695 4031 ύπεξουσίαν.
802 3974 825 4041 ⁶)
844 3973 1067 4043 ἐμαγκιπατεύειν
1087 3973 1116 4030 P.
1225 3975 1247 4042 ἰ)
1265 3973 1313 4026 τὸν
1333 3973 1392 4028 υίδν

276 4055 320 4108 καί
337 4055 466 4124 ἐγγόνους
483 4058 566 4109 ποιεῖν
585 4056 782 4125 ἐμαγκιπάτοος
798 4058 843 4112 καί
859 4060 906 4112 τὶιν
925 4059 1092 4128 προέγγσνσν
1111 4062 1309 4131 παρακατέχειν
1329 4059 1394 4116 αδδ.

276 4142 308 4197 lt
410 4143 433 4210 8)
451 4143 505 4213 ἐγὼ
522 4143 582 4198 εδδ.
601 4143 633 4198 R.
735 4145 758 4212 ⁹)
776 4142 799 4197 d.
820 4143 852 4198 R.
954 4145 990 4212 10)
1008 4146 1032 4199 (λ.
1050 4145 1085 4200 R.
1191 4148 1227 4212 11)
1245 4146 1341 4212 λαβεῖν
1361 4145 1393 4201 P.

275 4227 312 4295 1ἰ)
329 4229 393 4281 τότε
410 4228 452 4284 εδ.
471 4227 504 4283 R„

344 4315 372 4381 α)
390 4313 429 4367 ef.
447 4313 508 4382 Epi.
526 4318 551 4376 5,
572 4317 594 4366 1.
630 4312 725 4367 Proch.
744 4315 785 4381 26,
803 4316 829 4367 2.
862 4313 930 4382 Epa„
948 4317 992 4377 31,
1011 4317 1049 4368 10.
