3096 4890
715 429 940 474 ...ΠΙ-

371 597 429 662 ΠΙ.
455 597 759 663 Laurentianus
785 596 910 669 LXXX,
935 599 962 659 1.

357 719 427 784 llll.
600 744 614 775 ι
783 717 907 794 LXXX,
932 717 959 779 2.

386 838 422 901 V.
522 887 524 894 .
601 863 614 894 ι
784 836 910 915 LXXX,
935 835 984 900 18.

368 956 422 1022 VI.
609 983 622 1014 r
790 959 829 1034 X,
854 958 902 1021 16.

350 1075 420 1141 VII.
443 1074 731 1154 Messanensis,
755 1077 844 1143 euius
874 1076 999 1144 collatio
1025 1095 1084 1159 ope
1110 1074 1297 1142 Curionis
1320 1094 1392 1141 con·

483 1198 564 1263 tecta
586 1204 732 1263 seruatur
754 1197 835 1263 inter
856 1196 953 1264 libros
976 1213 1106 1278 graecos
1133 1215 1227 1262 manu
1256 1194 1390 1278 scriptos

482 1313 694 1383 Bibliothecae
731 1315 837 1396 regiae
868 1314 1080 1382 Bcrolinensis
1117 1335 1164 1396 gr.
1194 1314 1270 1379 28a.
1311 1313 1352 1378 28
1360 1315 1389 1378 b.

482 1437 513 1501 in
537 1437 583 1500 4⁰.
721 1475 722 1480 κ

332 1552 418 1618 VIII.
442 1555 688 1621 parisiensis
710 1575 757 1639 gr.
783 1557 874 1620 1364.

311 1673 420 1750 vnn.
561 1702 573 1732 ι
708 1695 754 1757 gr.
780 1676 872 1741 1365.

380 1796 419 1862 X.
559 1822 572 1853 3
703 1815 750 1878 gr.
776 1796 867 1861 1366.

368 1913 424 1979 ΧΙ.
446 1913 671 1981 Marcianus
696 1915 767 1980 178.

353 2034 422 2099 XII.
447 2034 693 2100 Oliuetanus.

334 2151 419 2217 XIII.
445 2153 707 2219 'laurinensis
733 2155 803 2218 162.

352 2308 584 2388 Parephraseos
607 2307 729 2373 codices
758 2307 906 2372 tractanti
935 2307 1018 2373 ultro
1047 2313 1178 2388 apparet
1206 2308 1283 2372 duas
1313 2326 1388 2390 quo·

268 2428 432 2493 dsmrnodo
463 2427 603 2492 eiusdem
630 2428 733 2510 operis
769 2429 965 2493 recensiones
996 2429 1157 2492 contineri.
1206 2427 1241 2492 In
1271 2424 1388 2492 Messa-

267 2548 354 2612 nensi
377 2547 458 2612 enim
481 2547 601 2627 codIce,
623 2546 698 2611 item
722 2549 752 2612 in
775 2547 993 2612 Laurentianis
1016 2547 1141 2626 LXXX,
1167 2550 1181 2610 1
1207 2554 1239 2613 et
1261 2545 1386 2623 LXXX,

267 2666 287 2727 2
310 2666 393 2730 etin
418 2667 538 2731 duobus
561 2665 786 2747 parisiensibus
807 2665 1036 2747 antIquioribus
1057 2665 1197 2732 recensio
1220 2671 1324 2732 textus
1347 2667 1387 2732 ab

268 2803 305 2850 ea
327 2784 405 2849 satis·
427 2785 560 2862 diuersa,
584 2784 718 2865 quaein
742 2788 853 2850 ceteris
876 2786 1034 2851 codicibus
1061 2792 1222 2864 seruatur,
1242 2805 1276 2850 se
1299 2805 1388 2869 prae·

266 2905 330 2982 bot,
353 2920 433 2984 quae
456 2911 590 2969 aetatem
613 2905 752 2969 redoleat
772 2903 986 2970 uetustiorem.
1034 2904 1150 2970 latinae
1176 2923 1269 2970 uoces
1294 2908 1387 2972 immo

267 3029 299 3090 et
320 3024 444 3089 litterae
466 3023 498 3087 in
520 3024 559 3088 iis
581 3024 739 3088 codicibus
761 3035 905 3089 seruatae
927 3031 1010 3101 sunt,
1033 3043 1103 3089 curn
1125 3025 1156 3089 in
1172 3025 1284 3090 ceteris
1299 3043 1389 3106 grue·

267 3145 311 3209 cis
340 3143 500 3208 cesserint.
549 3140 635 3209 Idem
664 3147 695 3208 in
725 3143 942 3210 Nornocenone
971 3141 1067 3208 XIIII
1099 3143 1261 3209 titulorum
1290 3144 1388 3210 conti-

267 3264 350 3344 gisse
372 3261 517 3328 omnibus
540 3270 647 3328 notum
670 3269 727 3342 est,
751 3263 839 3328 cuius
863 3265 1057 3346 antiquiores
1073 3265 1268 3330 recensiones
1291 3265 1387 3328 uerba

268 3381 345 3446 artis
368 3383 466 3446 latina
490 3382 727 3463 retinuerant.1)
772 3382 879 3447 Paullo
908 3385 989 3448 enim
1021 3391 1092 3464 post
1114 3383 1320 3447 Iustinianum
1343 3381 1388 3447 la·

267 3503 351 3566 tinae
366 3503 494 3584 linguae
510 3503 640 3566 scientia
653 3502 819 3567 admodum
835 3520 908 3566 rara
923 3501 1007 3566 lacta
1031 3510 1088 3580 est,
1111 3504 1156 3566 ite
1178 3508 1214 3567 ut
1236 3503 1329 3565 etlam
1352 3504 1386 3566 in

267 3617 415 3685 Prochiro
431 3622 639 3686 necessarium
655 3622 756 3685 uisum
772 3620 815 3684 sit
829 3639 882 3687 eas
897 3639 990 3688 uoces
1005 3641 1117 3702 graece
1133 3620 1278 3686 reddere:
1306 3625 1386 3683 »τῶν

265 3741 432 3824 ῥωμαικῶν
454 3735 573 3812 λέξεων
597 3743 648 3826 τὴν
672 3740 827 3828 συνθήκην
850 3740 895 3816 εἷς
916 3741 970 3826 τὴν
992 3741 1110 3803 §lidda
1132 3738 1276 3821 γλῶσσαν
1296 3761 1386 3823 μετε-

268 3857 503 3945 ποιὴσαμενιῗ).
547 3858 627 3924 Item
649 3861 688 3924 iis
711 3861 826 3939 uerbis,
849 3879 930 3943 quae
952 3858 1131 3925 necessario
1160 3860 1255 3924 latine
1282 3870 1386 3924 essent

269 4009 470 4021 *-

335 4096 358 4162 1)
376 4095 415 4151 ct.
432 4111 481 4164 pro
499 4095 620 4150 omnibus
637 4094 884 4152 Heimbaehius
901 4095 982 4150 Basil.
1001 4097 1097 4150 v194.

334 4199 358 4266 ²)
371 4197 397 4250 ‘O
415 4200 563 4269 πρόχειρος
580 4200 671 4264 νόμος,
689 4200 809 4255 Proocm.
828 4201 844 4269 §
864 4206 885 4254 l.
