3038 4884
565 393 776 458 ...39-

459 682 506 748 De
529 681 669 764 nuptiis..
701 682 827 750 Titulus
850 683 899 748 10.

198 867 304 935 Iustas
326 873 432 934 autem
454 869 581 952 nuptias
607 869 689 934 iuter
717 886 752 935 se
780 870 970 936 contrahunt
999 870 1083 935 ciues
1106 871 1235 948 romani,

119 977 184 1054 cum
213 1007 252 1054 ea
280 989 430 1071 quaeda
461 989 579 1071 nuptiis
608 987 731 1070 legibus
758 989 929 1054 constituto
955 993 1029 1054 sunt
1055 987 1236 1056 obseruant.

118 1111 237 1188 oportet
259 1106 344 1172 enim
366 1107 520 1172 masculos
541 1105 677 1188 puberes
699 1123 778 1185 esse,
800 1105 931 1172 feminas
945 1112 1052 1172 autem
1068 1107 1238 1189 uiripoten·

118 1231 175 1303 tes,
207 1225 292 1290 idest
323 1224 393 1290 illos
426 1225 551 1307 quidem
584 1223 890 1305 quattuordecimum
927 1243 1045 1292 annum
1078 1224 1237 1308 implesse,

118 1345 206 1410 hasce
236 1363 314 1410 uero
343 1343 570 1410 duodecimum.
621 1343 699 1410 baeu
726 1350 832 1409 autem
860 1343 1006 1419 dicimus,
1035 1345 1103 1412 siue
1130 1333 1237 1427 patres
1272 1335 1289 1385 ⁵

117 1462 247 1528 familias
270 1464 333 1528 sint
355 1465 409 1546 qui
431 1471 554 1543 coeunt,
577 1463 646 1530 siue
666 1463 723 1529 filii
746 1462 890 1530 familias.
924 1472 974 1530 set
1002 1465 1035 1530 in
1057 1463 1128 1530 liliis
1150 1463 1238 1531 iami-

117 1583 169 1650 lias
190 1586 329 1651 alterum
352 1586 426 1666 quid
449 1587 658 1666 requirimus,
693 1592 729 1651 ut
751 1604 862 1668 nempe
893 1602 1078 1653 eonsensum
1100 1585 1238 1650 habeant

116 1710 289 1785 parentum,
311 1707 343 1771 in
366 1724 500 1788 quorum
522 1711 680 1786 potestate
705 1710 781 1771 sunt
802 1705 856 1789 qui
878 1705 1025 1785 coniungi
1048 1703 1168 1770 uolunt
1205 1703 1238 1767 iul

117 1823 193 1888 enim
215 1823 287 1890 fieri
308 1833 455 1906 oportere
478 1833 510 1892 et
532 1827 633 1892 ciuilis
655 1832 689 1892 et
709 1827 862 1892 naturalis
885 1825 967 1891 ratio
988 1824 1167 1906 persuadet.
1195 1823 1239 1890 ci-

117 1940 184 2008 uilis
205 1943 334 2024 quidem
356 1950 486 2027 propter
500 1947 548 2010 ius
563 1944 741 2028 potestatis,
764 1946 848 2028 quod
863 1962 1062 2010 romanorum
1077 1944 1237 2025 proprium
1258 1963 1289 2014 1o

118 2067 175 2140 est3
197 2061 354 2129 naturalis
376 2072 481 2131 autem
504 2065 577 2147 quia
598 2083 733 2146 aequum
756 2071 814 2140 est
836 2065 947 2145 utqui
975 2063 1016 2129 ad
1038 2082 1107 2130 eam
1136 2079 1237 2143 usque

118 2185 247 2246 aetatem
280 2180 420 2248 subolem
452 2182 673 2264 eduoauerint,
700 2183 731 2248 id
759 2183 897 2250 habeant
925 2183 1061 2251 honoris.
1114 2189 1238 2265 oportet

117 2310 215 2368 autem
237 2305 361 2369 iussum
383 2306 524 2387 parentis
546 2305 744 2387 praecedere.
768 2306 850 2371 unde
872 2303 949 2371 illud
971 2302 1147 2384 quaesitum
1171 2307 1236 2367 est:

117 2419 219 2488 furiosi
241 2421 346 2501 liberi,
369 2421 452 2490 filius
474 2424 525 2490 uel
546 2423 628 2504 filia,
650 2425 690 2491 ad
714 2424 945 2493 contrahendas
975 2423 1101 2505 nuptias
1124 2418 1237 2488 solliei-

116 2539 272 2606 tabantur.
316 2559 418 2624 neque
444 2541 528 2608 enim
555 2550 645 2624 pater
666 2544 741 2624 quia
766 2543 870 2610 iuuere
892 2543 996 2623 coepit
1021 2542 1092 2608 ideo
1122 2540 1288 2606 desinit1⁵

118 2657 226 2726 liberos
253 2659 288 2724 in
316 2666 472 2742 potestate
500 2661 635 2742 babere3
672 2680 734 2727 non
764 2662 846 2728 enim
873 2679 951 2727 sana
978 2661 1118 2742 parentis
1147 2676 1236 2726 mens

117 2777 180 2843 eius
207 2779 327 2846 liberos
354 2782 504 2861 potestati
532 2781 665 2858 subicit,
692 2788 729 2847 ut
749 2782 889 2846 dieamus
911 2785 1032 2862 patrem
1055 2778 1111 2862 qui
1133 2785 1236 2845 mente

118 2903 221 2979 eaptus
243 2899 288 2963 sit
309 2899 359 2963 ius
381 2915 505 2980 quoque
520 2901 687 2980 potestatis
703 2901 735 2965 in
750 2898 865 2966 liberos
881 2899 1039 2965 amittere:
1064 2905 1114 2964 set
1128 2917 1236 2965 eorum

118 3034 151 3080 ex
175 3017 272 3082 iustis
305 3016 423 3099 nuptiis
456 3019 639 3098 procreatio.
684 3019 832 3085 uolebant
864 3019 960 3102 igitur
999 3019 1090 3084 liberi
1131 3018 1236 3083 maui-

117 3136 213 3202 monio
245 3136 414 3220 coniungi,
452 3145 502 3204 set
522 3157 593 3204 cum
622 3139 725 3204 adhue
745 3137 801 3203 filii
823 3137 958 3203 familias
987 3146 1109 3214 essent,
1136 3135 1236 3220 patris
1253 3152 1288 3204 uo

119 3271 284 3322 consensus
306 3256 496 3337 indigebant.
520 3257 697 3325 consentire
711 3263 817 3322 autem
837 3255 975 3324 furiosus
997 3274 1068 3321 cum
1090 3260 1235 3335 nequeat,

119 3373 279 3442 uideamus
307 3394 348 3442 an
375 3377 497 3459 possint
524 3375 680 3458 coniungi.
732 3375 760 3440 si
790 3375 922 3442 dieimus
951 3391 1136 3441 eonsensum
1165 3390 1235 3438 esse

121 3507 184 3558 oum
206 3513 355 3577 expresse
370 3497 455 3562 dicat
476 3501 567 3576 pater
588 3495 648 3562 sibi
669 3495 903 3562 matrimonium
925 3493 1059 3575 plaeere,
1083 3491 1236 3560 eiusmodi
