3038 4884
578 400 787 466 ..60-

119 588 251 670 quidam
274 593 306 654 et
327 588 487 656 terminus.
510 589 550 654 ab
573 607 609 656 eo
632 586 854 671 postliminium
878 589 1005 667 dictum,
1035 588 1111 669 qnia
1132 592 1241 660 eodem

118 709 231 776 limine
251 711 479 790 reuerteoator,
505 728 566 792 quo
589 712 724 777 amissos
745 717 814 777 erat
835 713 888 795 qui
911 713 951 777 ab
973 712 1117 780 hostibus
1132 719 1241 794 captus

118 827 236 894 iuerat.
287 848 347 896 non
370 831 470 896 solum
493 849 570 896 uero
599 832 651 911 qui
678 831 785 897 hostes
807 831 923 914 ingerit
945 831 994 898 nel
1017 834 1057 899 ab
1080 832 1125 898 eis
1147 830 1243 898 fuerit

119 947 271 1014 dimissus
293 949 483 1032 postliminio
505 950 614 1029 utitur,
638 956 686 1016 set
707 951 735 1016 is
755 968 888 1034 quoque,
912 951 966 1032 qui
981 951 1073 1018 uictis
1088 951 1239 1030 hostibus,

78 1079 139 1134 aa
163 1067 255 1134 nobis
278 1070 480 1152 reciperetur.
515 1071 545 1134 6.
569 1071 706 1135 Patriam
729 1076 916 1154 potestatem
939 1071 1144 1153 emancipatio
1166 1089 1242 1154 quo·
1276 1067 1292 1117 ⁵

117 1207 183 1271 que
209 1190 313 1256 soluit.
358 1196 390 1256 et
421 1190 499 1274 quid
532 1197 581 1258 est
614 1190 840 1274 emancipatio?
872 1191 1047 1272 negotium,
1080 1209 1142 1273 quo
1176 1195 1241 1254 tres

117 1310 364 1390 mancipationes
386 1317 418 1376 et
440 1315 504 1375 tres
527 1310 793 1384 manumissiones,
816 1307 867 1376 nel
890 1328 951 1376 una
966 1307 1153 1391 mancipatio
1170 1326 1243 1374 nna·

116 1447 183 1510 que
216 1429 418 1494 manumissio
449 1429 661 1495 continentur:
697 1427 794 1494 fiebat
819 1434 923 1494 antem
952 1429 1025 1494 oiim
1053 1426 1241 1510 mancipatio

116 1547 180 1613 hoc
202 1547 304 1612 modo.
346 1548 484 1630 quinque
507 1547 638 1613 aderant
667 1554 765 1613 testes
792 1553 824 1612 et
852 1547 1019 1630 libripens
1049 1546 1103 1630 qui
1130 1547 1240 1614 libram

116 1673 152 1731 et
184 1684 345 1732 nummum
368 1665 449 1730 aeris
482 1665 614 1745 terebat,
649 1671 682 1732 et
713 1665 775 1730 alia
807 1683 931 1748 quoque
963 1667 1066 1731 media
1097 1683 1240 1748 persona.
1261 1674 1292 1728 10

116 1785 235 1852 deinde
263 1766 367 1852 coram
390 1786 465 1867 ipsis
487 1785 590 1850 media
609 1783 854 1868 personafilium
870 1792 993 1868 epatre
1008 1787 1139 1864 emebat,
1163 1786 1241 1851 dans

117 1905 151 1971 ei
175 1905 242 1971 loco
264 1903 359 1988 pretii
380 1905 558 1988 imaginarii
579 1924 738 1971 nummum
761 1923 867 1983 unum,
890 1913 922 1972 et
944 1906 988 1971 sio
1010 1907 1042 1970 in
1065 1904 1133 1972 eius
1155 1913 1239 1989 pote·

116 2030 236 2090 statem
258 2043 337 2107 puer
358 2025 449 2107 quasi
470 2026 502 2090 in
525 2023 627 2090 locum
649 2025 733 2090 serui
754 2025 895 2092 cadebat.
922 2024 1025 2090 media
1047 2032 1151 2091 autem
1174 2045 1241 2109 per·

117 2162 200 2210 sona
221 2163 354 2226 puerum
377 2143 518 2210 uindicta
544 2144 798 2220 manumittebat‚
828 2143 883 2224 qui
911 2143 1008 2210 tacita
1036 2145 1170 2224 quadam
1193 2165 1242 2210 ra·

118 2263 208 2329 tione
230 2263 262 2327 in
285 2263 383 2345 patris
405 2268 593 2346 potestatam
616 2263 748 2328 redibat.
794 2281 904 2329 rursus
926 2282 996 2330 eum
1020 2265 1127 2330 eodem
1150 2263 1241 2328 modo
1261 2276 1291 2326 ro

118 2383 281 2450 pendebat
302 2391 333 2450 et
360 2384 402 2461 is,
432 2385 485 2466 qui
515 2385 652 2464 emebat,
681 2383 820 2448 uindicta
847 2402 917 2447 eum
944 2383 1182 2447 manumittebat
1209 2389 1241 2448 et

118 2507 237 2569 iterum
258 2502 367 2586 ignota
388 2505 523 2584 quadam
546 2504 665 2569 ratione
687 2504 719 2569 in
740 2501 840 2586 patris
862 2500 1082 2569 reuertebatur
1102 2509 1239 2584 potesta·

118 2632 194 2691 tem.
240 2622 334 2688 tertio
361 2629 466 2688 autem
496 2642 567 2690 eum
589 2623 760 2701 uendebat,
789 2627 821 2689 et
849 2620 895 2688 sic
916 2623 965 2687 ius
988 2621 1154 2701 potestatis
1178 2622 1238 2686 dis·

119 2741 314 2820 soluebatun
337 2725 615 2810 manumittebatur
638 2750 742 2810 autem
770 2741 851 2808 filius
879 2742 1017 2808 uindicta
1039 2749 1071 2810 et
1092 2742 1142 2806 sui
1162 2742 1239 2808 iuris

118 2861 226 2928 fiebat.
275 2861 382 2942 itaque
416 2862 544 2927 soiuunt
571 2862 620 2926 ius
646 2862 810 2941 potestatis
840 2868 905 2926 tres
934 2861 1179 2943 mancipationes
1208 2871 1240 2929 et
1257 2875 1291 2926 no

119 2990 187 3046 tres
216 2980 490 3046 manumissiones:
518 2981 704 3061 mancipatio
734 2988 839 3046 autom
868 2979 983 3062 emptio
1013 2979 1152 3046 uenditio
1181 2987 1238 3062 est,

119 3118 202 3182 quae
224 3100 310 3166 iuxta
332 3101 527 3183 praedictum
549 3100 674 3166 modum
690 3097 734 3165 fit.
756 3098 854 3164 filium
877 3105 981 3165 autem
1004 3100 1054 3165 sui
1075 3100 1153 3166 iuris
1176 3101 1237 3166 effi-

120 3225 209 3290 ciunt
230 3231 295 3289 tres
317 3224 561 3307 mancipationes
583 3243 620 3289 aa
643 3231 707 3289 tres
731 3225 996 3292 manumissiones.
1041 3224 1111 3289 ideo
1134 3229 1238 3287 auteur

120 3344 250 3410 uenibat
271 3341 363 3421 filius,
387 3350 422 3409 ut
444 3343 474 3408 in
491 3343 675 3409 seruitutem
689 3343 826 3409 incidere
841 3342 1011 3421 uideretur,
1035 3342 1141 3422 sicque
1156 3346 1239 3408 reete

119 3462 153 3530 in
165 3482 236 3529 eum
249 3463 450 3529 manumissio
462 3461 757 3546 competeret31ibar
769 3463 851 3530 enim
862 3460 1039 3528 manumitti
1050 3479 1112 3527 non
1123 3459 1241 3541 potuis·
1257 3475 1290 3526 25

120 3589 179 3648 set.
224 3580 289 3646 filia
319 3588 425 3647 antem
455 3586 609 3662 atnepos
638 3581 781 3664 neptisue
814 3587 845 3646 et
877 3579 1024 3662 deinceps
1057 3597 1113 3660 per
1145 3597 1239 3643 unam

119 3701 383 3784 mancipationem
406 3720 562 3784 unamque
584 3701 857 3766 manumissionem
880 3701 929 3765 sui
957 3698 1035 3765 iuris
1065 3697 1239 3765 efficieban-

120 3831 182 3887 tur.
226 3838 308 3902 quae
330 3827 363 3886 et
384 3821 451 3886 sine
473 3819 634 3903 principali
656 3818 809 3902 rescripto
829 3817 954 3885 fiebant.
1000 3823 1048 3883 set
1075 3818 1152 3882 haec
1173 3815 1260 3898 qui-1

121 3942 192 4008 dem
219 3941 306 4006 olim:
336 3945 446 4024 postea
467 3959 543 4008 uero
565 3937 630 4004 lata
652 3943 701 4005 est
722 3937 853 4021 piissimi
875 3937 1022 4020 principis
1045 3935 1145 4003 nostri
1168 3954 1239 4002 oon-

120 4061 255 4136 stitutio‚
276 4078 357 4141 quae
378 4061 455 4126 haec
478 4061 508 4125 in
531 4057 641 4124 melius
662 4058 854 4135 reformauit,
878 4062 913 4122 ut
936 4064 1043 4122 uetere
1057 4054 1185 4122 fictione
1207 4061 1240 4121 et
1256 4063 1291 4116 30
