<?xml version="1.0" encoding="UTF-8"?>
<!DOCTYPE html PUBLIC "-//W3C//DTD XHTML 1.0 Transitional//EN"
    "http://www.w3.org/TR/xhtml1/DTD/xhtml1-transitional.dtd">
<html xmlns="http://www.w3.org/1999/xhtml" xml:lang="en" lang="en">
 <head>
  <title>
</title>
<meta http-equiv="Content-Type" content="text/html;charset=utf-8" />
  <meta name='ocr-system' content='tesseract 3.04.00' />
  <meta name='ocr-capabilities' content='ocr_page ocr_carea ocr_par ocr_line ocrx_word'/>
</head>
<body>
  <div class='ocr_page' id='page_1' title='image "./institutionumgr00linggoog_0147.png"; bbox 0 0 3038 4884; ppageno 0'>
   <div class='ocr_carea' id='block_1_1' title="bbox 555 391 765 456">
    <p class='ocr_par' dir='ltr' id='par_1_1' title="bbox 555 391 765 456">
     <span class='ocr_line' id='line_1_1' title="bbox 555 391 765 456; baseline -0.038 -8"><span class='ocrx_word' id='word_1_1' title='bbox 555 391 765 456; x_wconf 82' lang='grc'>..57-</span> 
     </span>
    </p>
   </div>
   <div class='ocr_carea' id='block_1_2' title="bbox 74 575 1268 2813">
    <p class='ocr_par' dir='ltr' id='par_1_2' title="bbox 105 575 1268 1854">
     <span class='ocr_line' id='line_1_2' title="bbox 109 575 1219 656; baseline 0.006 -16"><span class='ocrx_word' id='word_1_2' title='bbox 109 577 132 642; x_wconf 92' lang='lat' dir='ltr'>si</span> <span class='ocrx_word' id='word_1_3' title='bbox 151 575 218 656; x_wconf 84' lang='lat' dir='ltr'>quis</span> <span class='ocrx_word' id='word_1_4' title='bbox 239 577 372 644; x_wconf 85' lang='lat' dir='ltr'>alicuius</span> <span class='ocrx_word' id='word_1_5' title='bbox 395 575 540 644; x_wconf 82' lang='lat' dir='ltr'>maleficii</span> <span class='ocrx_word' id='word_1_6' title='bbox 561 581 727 644; x_wconf 84' lang='lat' dir='ltr'>aecusatus</span> <span class='ocrx_word' id='word_1_7' title='bbox 757 581 790 646; x_wconf 89' lang='lat' dir='ltr'>et</span> <span class='ocrx_word' id='word_1_8' title='bbox 817 577 978 646; x_wconf 86' lang='lat' dir='ltr'>oonaiotus</span> <span class='ocrx_word' id='word_1_9' title='bbox 999 577 1177 646; x_wconf 83' lang='lat' dir='ltr'>huiusmodi</span> <span class='ocrx_word' id='word_1_10' title='bbox 1198 598 1219 646; x_wconf 83' lang='lat' dir='ltr'>a</span> 
     </span>
     <span class='ocr_line' id='line_1_3' title="bbox 111 694 1217 778; baseline 0.004 -18"><span class='ocrx_word' id='word_1_11' title='bbox 111 694 288 777; x_wconf 78' lang='lat' dir='ltr'>magistratu</span> <span class='ocrx_word' id='word_1_12' title='bbox 310 697 463 763; x_wconf 82' lang='lat' dir='ltr'>sortiatur</span> <span class='ocrx_word' id='word_1_13' title='bbox 483 697 687 764; x_wconf 86' lang='lat' dir='ltr'>sententiam:</span> <span class='ocrx_word' id='word_1_14' title='bbox 711 697 841 778; x_wconf 86' lang='lat' dir='ltr'>deporta</span> <span class='ocrx_word' id='word_1_15' title='bbox 863 703 895 764; x_wconf 87' lang='lat' dir='ltr'>te</span> <span class='ocrx_word' id='word_1_16' title='bbox 916 698 949 764; x_wconf 88' lang='lat' dir='ltr'>in</span> <span class='ocrx_word' id='word_1_17' title='bbox 971 696 1055 764; x_wconf 87' lang='lat' dir='ltr'>illam</span> <span class='ocrx_word' id='word_1_18' title='bbox 1074 697 1217 772; x_wconf 79' lang='lat' dir='ltr'>insulam,</span> 
     </span>
     <span class='ocr_line' id='line_1_4' title="bbox 108 814 1218 900; baseline 0.004 -22"><span class='ocrx_word' id='word_1_19' title='bbox 108 814 308 898; x_wconf 85' lang='lat' dir='ltr'>simulatque</span> <span class='ocrx_word' id='word_1_20' title='bbox 330 817 486 884; x_wconf 87' lang='lat' dir='ltr'>sententia</span> <span class='ocrx_word' id='word_1_21' title='bbox 508 815 630 900; x_wconf 88' lang='lat' dir='ltr'>prolata</span> <span class='ocrx_word' id='word_1_22' title='bbox 651 817 708 898; x_wconf 83' lang='lat' dir='ltr'>sit,</span> <span class='ocrx_word' id='word_1_23' title='bbox 732 817 799 899; x_wconf 88' lang='lat' dir='ltr'>ipso</span> <span class='ocrx_word' id='word_1_24' title='bbox 827 818 896 886; x_wconf 85' lang='lat' dir='ltr'>iure</span> <span class='ocrx_word' id='word_1_25' title='bbox 918 817 1077 885; x_wconf 85' lang='lat' dir='ltr'>ciuitatem</span> <span class='ocrx_word' id='word_1_26' title='bbox 1101 815 1218 884; x_wconf 86' lang='lat' dir='ltr'>amittit</span> 
     </span>
     <span class='ocr_line' id='line_1_5' title="bbox 107 934 1218 1020; baseline 0.003 -22"><span class='ocrx_word' id='word_1_27' title='bbox 107 951 257 1000; x_wconf 81' lang='lat' dir='ltr'><strong>romanam</strong></span> <span class='ocrx_word' id='word_1_28' title='bbox 287 953 408 1019; x_wconf 87' lang='lat' dir='ltr'>suaque</span> <span class='ocrx_word' id='word_1_29' title='bbox 442 937 523 1002; x_wconf 88' lang='lat' dir='ltr'>bona</span> <span class='ocrx_word' id='word_1_30' title='bbox 552 942 585 1002; x_wconf 93' lang='lat' dir='ltr'>et</span> <span class='ocrx_word' id='word_1_31' title='bbox 611 934 647 1002; x_wconf 86' lang='lat' dir='ltr'>fit</span> <span class='ocrx_word' id='word_1_32' title='bbox 675 936 869 1020; x_wconf 81' lang='lat' dir='ltr'>peregrinus.</span> <span class='ocrx_word' id='word_1_33' title='bbox 920 943 953 1002; x_wconf 85' lang='lat' dir='ltr'>ot</span> <span class='ocrx_word' id='word_1_34' title='bbox 979 937 1038 1003; x_wconf 89' lang='lat' dir='ltr'>hoo</span> <span class='ocrx_word' id='word_1_35' title='bbox 1066 936 1157 1004; x_wconf 84' lang='lat' dir='ltr'>modo</span> <span class='ocrx_word' id='word_1_36' title='bbox 1180 937 1218 1002; x_wconf 89' lang='lat' dir='ltr'>si·</span> 
     </span>
     <span class='ocr_line' id='line_1_6' title="bbox 107 1052 1268 1140; baseline 0.002 -20"><span class='ocrx_word' id='word_1_37' title='bbox 107 1055 162 1120; x_wconf 87' lang='lat' dir='ltr'>outi</span> <span class='ocrx_word' id='word_1_38' title='bbox 183 1052 251 1136; x_wconf 86' lang='lat' dir='ltr'>ipsa</span> <span class='ocrx_word' id='word_1_39' title='bbox 274 1061 386 1133; x_wconf 85' lang='lat' dir='ltr'>morte,</span> <span class='ocrx_word' id='word_1_40' title='bbox 408 1054 456 1120; x_wconf 89' lang='lat' dir='ltr'>ita</span> <span class='ocrx_word' id='word_1_41' title='bbox 478 1061 510 1120; x_wconf 90' lang='lat' dir='ltr'>et</span> <span class='ocrx_word' id='word_1_42' title='bbox 533 1056 750 1137; x_wconf 78' lang='lat' dir='ltr'>deportatione</span> <span class='ocrx_word' id='word_1_43' title='bbox 773 1054 886 1121; x_wconf 88' lang='lat' dir='ltr'>desinit</span> <span class='ocrx_word' id='word_1_44' title='bbox 908 1053 990 1120; x_wconf 88' lang='lat' dir='ltr'>filius</span> <span class='ocrx_word' id='word_1_45' title='bbox 1018 1072 1087 1121; x_wconf 87' lang='lat' dir='ltr'>esse</span> <span class='ocrx_word' id='word_1_46' title='bbox 1109 1055 1141 1121; x_wconf 89' lang='lat' dir='ltr'>in</span> <span class='ocrx_word' id='word_1_47' title='bbox 1162 1075 1217 1140; x_wconf 94' lang='lat' dir='ltr'>po·</span> <span class='ocrx_word' id='word_1_48' title='bbox 1250 1055 1268 1109; x_wconf 73' lang='grc' dir='ltr'>ὗ</span> 
     </span>
     <span class='ocr_line' id='line_1_7' title="bbox 105 1173 1217 1258; baseline 0.002 -20"><span class='ocrx_word' id='word_1_49' title='bbox 105 1181 217 1240; x_wconf 73' lang='lat' dir='ltr'>testate.</span> <span class='ocrx_word' id='word_1_50' title='bbox 263 1193 335 1240; x_wconf 87' lang='lat' dir='ltr'>cum</span> <span class='ocrx_word' id='word_1_51' title='bbox 358 1176 440 1240; x_wconf 86' lang='lat' dir='ltr'>enim</span> <span class='ocrx_word' id='word_1_52' title='bbox 462 1174 544 1242; x_wconf 90' lang='lat' dir='ltr'>filius</span> <span class='ocrx_word' id='word_1_53' title='bbox 567 1175 645 1242; x_wconf 87' lang='lat' dir='ltr'>ciuis</span> <span class='ocrx_word' id='word_1_54' title='bbox 667 1192 815 1242; x_wconf 85' lang='lat' dir='ltr'>romanus</span> <span class='ocrx_word' id='word_1_55' title='bbox 837 1173 895 1253; x_wconf 86' lang='lat' dir='ltr'>sit,</span> <span class='ocrx_word' id='word_1_56' title='bbox 923 1174 955 1240; x_wconf 90' lang='lat' dir='ltr'>in</span> <span class='ocrx_word' id='word_1_57' title='bbox 983 1174 1140 1258; x_wconf 80' lang='lat' dir='ltr'>peregrini</span> <span class='ocrx_word' id='word_1_58' title='bbox 1161 1195 1217 1258; x_wconf 84' lang='lat' dir='ltr'>po·</span> 
     </span>
     <span class='ocr_line' id='line_1_8' title="bbox 105 1293 1217 1377; baseline -0.001 -18"><span class='ocrx_word' id='word_1_59' title='bbox 105 1298 208 1360; x_wconf 86' lang='lat' dir='ltr'>testate</span> <span class='ocrx_word' id='word_1_60' title='bbox 231 1313 303 1360; x_wconf 91' lang='lat' dir='ltr'>esse</span> <span class='ocrx_word' id='word_1_61' title='bbox 325 1294 443 1376; x_wconf 86' lang='lat' dir='ltr'>nequit.</span> <span class='ocrx_word' id='word_1_62' title='bbox 488 1297 588 1360; x_wconf 87' lang='lat' dir='ltr'>solum</span> <span class='ocrx_word' id='word_1_63' title='bbox 616 1295 696 1361; x_wconf 89' lang='lat' dir='ltr'>enim</span> <span class='ocrx_word' id='word_1_64' title='bbox 726 1295 846 1360; x_wconf 86' lang='lat' dir='ltr'>romani</span> <span class='ocrx_word' id='word_1_65' title='bbox 874 1293 990 1360; x_wconf 84' lang='lat' dir='ltr'>liberos</span> <span class='ocrx_word' id='word_1_66' title='bbox 1016 1311 1090 1360; x_wconf 89' lang='lat' dir='ltr'>suos</span> <span class='ocrx_word' id='word_1_67' title='bbox 1112 1294 1144 1360; x_wconf 86' lang='lat' dir='ltr'>in</span> <span class='ocrx_word' id='word_1_68' title='bbox 1165 1312 1217 1377; x_wconf 87' lang='lat' dir='ltr'>po·</span> 
     </span>
     <span class='ocr_line' id='line_1_9' title="bbox 106 1411 1216 1497; baseline 0.002 -19"><span class='ocrx_word' id='word_1_69' title='bbox 106 1420 208 1480; x_wconf 86' lang='lat' dir='ltr'>testate</span> <span class='ocrx_word' id='word_1_70' title='bbox 229 1415 359 1481; x_wconf 84' lang='lat' dir='ltr'>habent</span> <span class='ocrx_word' id='word_1_71' title='bbox 405 1416 431 1480; x_wconf 93' lang='lat' dir='ltr'>si</span> <span class='ocrx_word' id='word_1_72' title='bbox 455 1432 531 1481; x_wconf 91' lang='lat' dir='ltr'>uero</span> <span class='ocrx_word' id='word_1_73' title='bbox 553 1413 637 1480; x_wconf 84' lang='lat' dir='ltr'>filius</span> <span class='ocrx_word' id='word_1_74' title='bbox 659 1414 859 1497; x_wconf 82' lang='lat' dir='ltr'>deportetur,</span> <span class='ocrx_word' id='word_1_75' title='bbox 885 1411 1027 1480; x_wconf 85' lang='lat' dir='ltr'>similiter</span> <span class='ocrx_word' id='word_1_76' title='bbox 1049 1413 1164 1484; x_wconf 87' lang='lat' dir='ltr'>desinit</span> <span class='ocrx_word' id='word_1_77' title='bbox 1184 1415 1216 1480; x_wconf 87' lang='lat' dir='ltr'>in</span> 
     </span>
     <span class='ocr_line' id='line_1_10' title="bbox 105 1533 1215 1618; baseline 0.001 -19"><span class='ocrx_word' id='word_1_78' title='bbox 105 1540 250 1612; x_wconf 79' lang='lat' dir='ltr'><strong>potestate</strong></span> <span class='ocrx_word' id='word_1_79' title='bbox 273 1534 415 1618; x_wconf 86' lang='lat' dir='ltr'>parentis</span> <span class='ocrx_word' id='word_1_80' title='bbox 437 1551 515 1602; x_wconf 89' lang='lat' dir='ltr'>esse.</span> <span class='ocrx_word' id='word_1_81' title='bbox 568 1553 637 1601; x_wconf 90' lang='lat' dir='ltr'>oum</span> <span class='ocrx_word' id='word_1_82' title='bbox 667 1533 750 1601; x_wconf 89' lang='lat' dir='ltr'>enim</span> <span class='ocrx_word' id='word_1_83' title='bbox 779 1533 821 1601; x_wconf 87' lang='lat' dir='ltr'>sit</span> <span class='ocrx_word' id='word_1_84' title='bbox 849 1533 1048 1616; x_wconf 77' lang='lat' dir='ltr'>peregrinus,</span> <span class='ocrx_word' id='word_1_85' title='bbox 1077 1534 1109 1600; x_wconf 82' lang='lat' dir='ltr'>in</span> <span class='ocrx_word' id='word_1_86' title='bbox 1136 1533 1215 1602; x_wconf 88' lang='lat' dir='ltr'>ciuis</span> 
     </span>
     <span class='ocr_line' id='line_1_11' title="bbox 106 1652 1267 1738; baseline 0.003 -22"><span class='ocrx_word' id='word_1_87' title='bbox 106 1654 215 1720; x_wconf 87' lang='lat' dir='ltr'>romani</span> <span class='ocrx_word' id='word_1_88' title='bbox 237 1661 397 1737; x_wconf 74' lang='lat' dir='ltr'>potestate</span> <span class='ocrx_word' id='word_1_89' title='bbox 419 1672 489 1721; x_wconf 90' lang='lat' dir='ltr'>esse</span> <span class='ocrx_word' id='word_1_90' title='bbox 511 1673 572 1720; x_wconf 88' lang='lat' dir='ltr'>non</span> <span class='ocrx_word' id='word_1_91' title='bbox 594 1659 707 1737; x_wconf 90' lang='lat' dir='ltr'>potest.</span> <span class='ocrx_word' id='word_1_92' title='bbox 737 1661 785 1722; x_wconf 91' lang='lat' dir='ltr'>set</span> <span class='ocrx_word' id='word_1_93' title='bbox 806 1654 835 1720; x_wconf 90' lang='lat' dir='ltr'>si</span> <span class='ocrx_word' id='word_1_94' title='bbox 857 1673 895 1722; x_wconf 85' lang='lat' dir='ltr'>ex</span> <span class='ocrx_word' id='word_1_95' title='bbox 915 1654 1110 1738; x_wconf 84' lang='lat' dir='ltr'>indulgentia</span> <span class='ocrx_word' id='word_1_96' title='bbox 1131 1652 1215 1738; x_wconf 85' lang='lat' dir='ltr'>pria-</span> <span class='ocrx_word' id='word_1_97' title='bbox 1233 1658 1267 1711; x_wconf 91' lang='lat'>10</span> 
     </span>
     <span class='ocr_line' id='line_1_12' title="bbox 105 1772 1214 1854; baseline 0.002 -17"><span class='ocrx_word' id='word_1_98' title='bbox 105 1772 172 1854; x_wconf 83' lang='lat' dir='ltr'><strong>cipis</strong></span> <span class='ocrx_word' id='word_1_99' title='bbox 193 1778 363 1840; x_wconf 84' lang='lat' dir='ltr'>reuocatus</span> <span class='ocrx_word' id='word_1_100' title='bbox 388 1776 420 1839; x_wconf 90' lang='lat' dir='ltr'>in</span> <span class='ocrx_word' id='word_1_101' title='bbox 448 1775 610 1841; x_wconf 88' lang='lat' dir='ltr'>ciuitatem</span> <span class='ocrx_word' id='word_1_102' title='bbox 636 1775 801 1840; x_wconf 90' lang='lat' dir='ltr'>restitutus</span> <span class='ocrx_word' id='word_1_103' title='bbox 828 1773 936 1854; x_wconf 82' lang='lat' dir='ltr'>fuerit,</span> <span class='ocrx_word' id='word_1_104' title='bbox 965 1781 1039 1840; x_wconf 86' lang='lat' dir='ltr'>tune</span> <span class='ocrx_word' id='word_1_105' title='bbox 1061 1773 1164 1840; x_wconf 85' lang='lat' dir='ltr'>omnia</span> <span class='ocrx_word' id='word_1_106' title='bbox 1186 1773 1214 1840; x_wconf 94' lang='lat' dir='ltr'>ei</span> 
     </span>
    </p>

    <p class='ocr_par' dir='ltr' id='par_1_3' title="bbox 74 1891 1263 2336">
     <span class='ocr_line' id='line_1_13' title="bbox 74 1891 1213 1974; baseline 0.004 -19"><span class='ocrx_word' id='word_1_107' title='bbox 74 1892 92 1942; x_wconf 76' lang='lat'>2·</span> <span class='ocrx_word' id='word_1_108' title='bbox 106 1893 131 1956; x_wconf 85' lang='lat' dir='ltr'>in</span> <span class='ocrx_word' id='word_1_109' title='bbox 151 1895 316 1974; x_wconf 88' lang='lat' dir='ltr'>pristinum</span> <span class='ocrx_word' id='word_1_110' title='bbox 339 1899 457 1960; x_wconf 88' lang='lat' dir='ltr'>statum</span> <span class='ocrx_word' id='word_1_111' title='bbox 479 1899 707 1962; x_wconf 85' lang='lat' dir='ltr'>restaurantur.</span> <span class='ocrx_word' id='word_1_112' title='bbox 745 1894 774 1958; x_wconf 83' lang='lat'>2.</span> <span class='ocrx_word' id='word_1_113' title='bbox 808 1891 843 1958; x_wconf 91' lang='lat' dir='ltr'>Si</span> <span class='ocrx_word' id='word_1_114' title='bbox 864 1911 941 1960; x_wconf 89' lang='lat' dir='ltr'>uero</span> <span class='ocrx_word' id='word_1_115' title='bbox 962 1911 1024 1959; x_wconf 86' lang='lat' dir='ltr'>non</span> <span class='ocrx_word' id='word_1_116' title='bbox 1046 1891 1140 1960; x_wconf 83' lang='lat' dir='ltr'>tuerit</span> <span class='ocrx_word' id='word_1_117' title='bbox 1162 1892 1213 1960; x_wconf 88' lang='lat' dir='ltr'>de·</span> 
     </span>
     <span class='ocr_line' id='line_1_14' title="bbox 105 2011 1213 2097; baseline 0.003 -20"><span class='ocrx_word' id='word_1_118' title='bbox 105 2018 236 2092; x_wconf 87' lang='lat' dir='ltr'>portatus</span> <span class='ocrx_word' id='word_1_119' title='bbox 258 2020 362 2097; x_wconf 83' lang='lat' dir='ltr'>pater,</span> <span class='ocrx_word' id='word_1_120' title='bbox 385 2019 434 2080; x_wconf 91' lang='lat' dir='ltr'>set</span> <span class='ocrx_word' id='word_1_121' title='bbox 456 2015 622 2096; x_wconf 83' lang='lat' dir='ltr'>relegatus,</span> <span class='ocrx_word' id='word_1_122' title='bbox 646 2014 725 2080; x_wconf 79' lang='lat' dir='ltr'>dixit</span> <span class='ocrx_word' id='word_1_123' title='bbox 746 2013 830 2080; x_wconf 88' lang='lat' dir='ltr'>enim</span> <span class='ocrx_word' id='word_1_124' title='bbox 859 2013 889 2079; x_wconf 91' lang='lat' dir='ltr'>ei</span> <span class='ocrx_word' id='word_1_125' title='bbox 910 2011 1126 2096; x_wconf 71' lang='lat' dir='ltr'>magistratum</span> <span class='ocrx_word' id='word_1_126' title='bbox 1154 2032 1213 2080; x_wconf 87' lang='lat' dir='ltr'>re·</span> 
     </span>
     <span class='ocr_line' id='line_1_15' title="bbox 105 2129 1213 2213; baseline 0.003 -17"><span class='ocrx_word' id='word_1_127' title='bbox 105 2129 183 2213; x_wconf 81' lang='lat' dir='ltr'>lego</span> <span class='ocrx_word' id='word_1_128' title='bbox 205 2142 244 2200; x_wconf 90' lang='lat' dir='ltr'>te</span> <span class='ocrx_word' id='word_1_129' title='bbox 266 2135 307 2199; x_wconf 90' lang='lat' dir='ltr'>in</span> <span class='ocrx_word' id='word_1_130' title='bbox 329 2132 437 2198; x_wconf 87' lang='lat' dir='ltr'>illam</span> <span class='ocrx_word' id='word_1_131' title='bbox 459 2133 644 2212; x_wconf 89' lang='lat' dir='ltr'>insulam,</span> <span class='ocrx_word' id='word_1_132' title='bbox 666 2151 727 2198; x_wconf 85' lang='lat' dir='ltr'>noa</span> <span class='ocrx_word' id='word_1_133' title='bbox 749 2131 892 2198; x_wconf 85' lang='lat' dir='ltr'>aufertur</span> <span class='ocrx_word' id='word_1_134' title='bbox 914 2133 942 2197; x_wconf 89' lang='lat' dir='ltr'>ei</span> <span class='ocrx_word' id='word_1_135' title='bbox 963 2133 1032 2198; x_wconf 87' lang='lat' dir='ltr'>iare</span> <span class='ocrx_word' id='word_1_136' title='bbox 1047 2131 1158 2198; x_wconf 83' lang='lat' dir='ltr'>ciuitas</span> <span class='ocrx_word' id='word_1_137' title='bbox 1180 2138 1213 2199; x_wconf 89' lang='lat' dir='ltr'>et</span> 
     </span>
     <span class='ocr_line' id='line_1_16' title="bbox 105 2250 1263 2336; baseline 0.003 -22"><span class='ocrx_word' id='word_1_138' title='bbox 105 2251 165 2318; x_wconf 84' lang='lat' dir='ltr'>ideo</span> <span class='ocrx_word' id='word_1_139' title='bbox 184 2253 302 2320; x_wconf 90' lang='lat' dir='ltr'>liberos</span> <span class='ocrx_word' id='word_1_140' title='bbox 323 2253 356 2319; x_wconf 88' lang='lat' dir='ltr'>in</span> <span class='ocrx_word' id='word_1_141' title='bbox 377 2259 533 2336; x_wconf 80' lang='lat' dir='ltr'>potestate</span> <span class='ocrx_word' id='word_1_142' title='bbox 554 2253 671 2320; x_wconf 87' lang='lat' dir='ltr'>habero</span> <span class='ocrx_word' id='word_1_143' title='bbox 693 2271 754 2319; x_wconf 86' lang='lat' dir='ltr'>noa</span> <span class='ocrx_word' id='word_1_144' title='bbox 781 2259 891 2318; x_wconf 86' lang='lat' dir='ltr'>cessat.</span> <span class='ocrx_word' id='word_1_145' title='bbox 936 2257 968 2318; x_wconf 92' lang='lat' dir='ltr'>et</span> <span class='ocrx_word' id='word_1_146' title='bbox 996 2270 1034 2319; x_wconf 85' lang='lat' dir='ltr'>ex</span> <span class='ocrx_word' id='word_1_147' title='bbox 1055 2250 1212 2318; x_wconf 86' lang='lat' dir='ltr'>contrario</span> <span class='ocrx_word' id='word_1_148' title='bbox 1232 2265 1263 2317; x_wconf 85' lang='lat' dir='ltr'>lo</span> 
     </span>
    </p>

    <p class='ocr_par' dir='ltr' id='par_1_4' title="bbox 74 2364 1212 2813">
     <span class='ocr_line' id='line_1_17' title="bbox 74 2364 1212 2454; baseline 0.004 -23"><span class='ocrx_word' id='word_1_149' title='bbox 74 2364 92 2414; x_wconf 54' lang='grc' dir='ltr'>θ’</span> <span class='ocrx_word' id='word_1_150' title='bbox 106 2369 183 2436; x_wconf 88' lang='lat' dir='ltr'>liberi</span> <span class='ocrx_word' id='word_1_151' title='bbox 204 2373 338 2454; x_wconf 77' lang='lat' dir='ltr'>relegati</span> <span class='ocrx_word' id='word_1_152' title='bbox 359 2373 499 2454; x_wconf 85' lang='lat' dir='ltr'>parentis</span> <span class='ocrx_word' id='word_1_153' title='bbox 521 2378 676 2454; x_wconf 82' lang='lat' dir='ltr'>potestate</span> <span class='ocrx_word' id='word_1_154' title='bbox 698 2390 760 2437; x_wconf 88' lang='lat' dir='ltr'>non</span> <span class='ocrx_word' id='word_1_155' title='bbox 779 2369 963 2437; x_wconf 85' lang='lat' dir='ltr'>liberantur.</span> <span class='ocrx_word' id='word_1_156' title='bbox 997 2369 1026 2433; x_wconf 88' lang='grc'>3.</span> <span class='ocrx_word' id='word_1_157' title='bbox 1050 2368 1128 2436; x_wconf 84' lang='lat' dir='ltr'>Cum</span> <span class='ocrx_word' id='word_1_158' title='bbox 1142 2371 1212 2450; x_wconf 88' lang='lat' dir='ltr'>quis</span> 
     </span>
     <span class='ocr_line' id='line_1_18' title="bbox 106 2488 1212 2572; baseline 0.001 -19"><span class='ocrx_word' id='word_1_159' title='bbox 106 2489 222 2556; x_wconf 87' lang='lat' dir='ltr'>alicuius</span> <span class='ocrx_word' id='word_1_160' title='bbox 251 2491 391 2556; x_wconf 85' lang='lat' dir='ltr'>oriminis</span> <span class='ocrx_word' id='word_1_161' title='bbox 419 2499 583 2558; x_wconf 84' lang='lat' dir='ltr'>accusatus</span> <span class='ocrx_word' id='word_1_162' title='bbox 606 2490 715 2570; x_wconf 85' lang='lat' dir='ltr'>fuerit,</span> <span class='ocrx_word' id='word_1_163' title='bbox 748 2490 878 2570; x_wconf 87' lang='lat' dir='ltr'>deinde,</span> <span class='ocrx_word' id='word_1_164' title='bbox 912 2488 1042 2555; x_wconf 85' lang='lat' dir='ltr'>erimine</span> <span class='ocrx_word' id='word_1_165' title='bbox 1069 2489 1212 2572; x_wconf 86' lang='lat' dir='ltr'>probato,</span> 
     </span>
     <span class='ocr_line' id='line_1_19' title="bbox 106 2608 1211 2693; baseline 0.003 -20"><span class='ocrx_word' id='word_1_166' title='bbox 106 2609 187 2676; x_wconf 83' lang='lat' dir='ltr'>talem</span> <span class='ocrx_word' id='word_1_167' title='bbox 201 2612 313 2679; x_wconf 89' lang='lat' dir='ltr'>tulerit</span> <span class='ocrx_word' id='word_1_168' title='bbox 327 2611 530 2693; x_wconf 79' lang='lat' dir='ltr'>magistratus</span> <span class='ocrx_word' id='word_1_169' title='bbox 544 2611 749 2678; x_wconf 86' lang='lat' dir='ltr'>sententiam:</span> <span class='ocrx_word' id='word_1_170' title='bbox 769 2611 807 2675; x_wconf 89' lang='lat' dir='ltr'>in</span> <span class='ocrx_word' id='word_1_171' title='bbox 830 2608 991 2676; x_wconf 85' lang='lat' dir='ltr'>metalla</span> <span class='ocrx_word' id='word_1_172' title='bbox 1013 2616 1052 2676; x_wconf 87' lang='lat' dir='ltr'>te</span> <span class='ocrx_word' id='word_1_173' title='bbox 1072 2610 1211 2688; x_wconf 82' lang='lat' dir='ltr'>damno,</span> 
     </span>
     <span class='ocr_line' id='line_1_20' title="bbox 105 2729 1212 2813; baseline 0 -20"><span class='ocrx_word' id='word_1_174' title='bbox 105 2729 148 2794; x_wconf 88' lang='lat' dir='ltr'>uel</span> <span class='ocrx_word' id='word_1_175' title='bbox 167 2731 313 2799; x_wconf 87' lang='lat' dir='ltr'>bestiis</span> <span class='ocrx_word' id='word_1_176' title='bbox 335 2737 373 2797; x_wconf 89' lang='lat' dir='ltr'>te</span> <span class='ocrx_word' id='word_1_177' title='bbox 396 2731 523 2810; x_wconf 84' lang='lat' dir='ltr'>trodo,</span> <span class='ocrx_word' id='word_1_178' title='bbox 552 2729 607 2797; x_wconf 86' lang='lat' dir='ltr'>fiet</span> <span class='ocrx_word' id='word_1_179' title='bbox 634 2730 684 2797; x_wconf 89' lang='lat' dir='ltr'>hio</span> <span class='ocrx_word' id='word_1_180' title='bbox 713 2731 821 2798; x_wconf 86' lang='lat' dir='ltr'>statim</span> <span class='ocrx_word' id='word_1_181' title='bbox 850 2748 962 2798; x_wconf 89' lang='lat' dir='ltr'>seruus</span> <span class='ocrx_word' id='word_1_182' title='bbox 990 2745 1123 2813; x_wconf 87' lang='lat' dir='ltr'>poenae,</span> <span class='ocrx_word' id='word_1_183' title='bbox 1150 2747 1212 2796; x_wconf 87' lang='lat' dir='ltr'>non</span> 
     </span>
    </p>
   </div>
   <div class='ocr_carea' id='block_1_3' title="bbox 105 2849 1397 2931">
    <p class='ocr_par' dir='ltr' id='par_1_5' title="bbox 105 2849 1397 2931">
     <span class='ocr_line' id='line_1_21' title="bbox 105 2849 1397 2931; baseline 0.003 -20"><span class='ocrx_word' id='word_1_184' title='bbox 105 2855 213 2918; x_wconf 87' lang='lat' dir='ltr'>tantum</span> <span class='ocrx_word' id='word_1_185' title='bbox 236 2853 411 2931; x_wconf 80' lang='lat' dir='ltr'>ciuitatem,</span> <span class='ocrx_word' id='word_1_186' title='bbox 442 2860 491 2918; x_wconf 88' lang='lat' dir='ltr'>set</span> <span class='ocrx_word' id='word_1_187' title='bbox 512 2851 607 2917; x_wconf 89' lang='lat' dir='ltr'>etiam</span> <span class='ocrx_word' id='word_1_188' title='bbox 628 2852 807 2918; x_wconf 87' lang='lat' dir='ltr'>libertatem</span> <span class='ocrx_word' id='word_1_189' title='bbox 836 2850 999 2917; x_wconf 85' lang='lat' dir='ltr'>amittens:</span> <span class='ocrx_word' id='word_1_190' title='bbox 1027 2856 1060 2916; x_wconf 87' lang='lat' dir='ltr'>et</span> <span class='ocrx_word' id='word_1_191' title='bbox 1089 2851 1135 2915; x_wconf 90' lang='lat' dir='ltr'>ita</span> <span class='ocrx_word' id='word_1_192' title='bbox 1161 2849 1211 2915; x_wconf 84' lang='lat' dir='ltr'>sui</span> <span class='ocrx_word' id='word_1_193' title='bbox 1229 2871 1264 2926; x_wconf 82' lang='lat'>20</span> <span class='ocrx_word' id='word_1_194' title='bbox 1395 2911 1397 2916; x_wconf 84' lang='lat'><em>.</em></span> 
     </span>
    </p>
   </div>
   <div class='ocr_carea' id='block_1_4' title="bbox 74 2969 1211 3304">
    <p class='ocr_par' dir='ltr' id='par_1_6' title="bbox 74 2969 1211 3304">
     <span class='ocr_line' id='line_1_22' title="bbox 74 2969 1211 3052; baseline 0 -19"><span class='ocrx_word' id='word_1_195' title='bbox 74 2969 170 3035; x_wconf 72' lang='lat' dir='ltr'>tiaris</span> <span class='ocrx_word' id='word_1_196' title='bbox 195 2971 290 3040; x_wconf 89' lang='lat' dir='ltr'>liberi</span> <span class='ocrx_word' id='word_1_197' title='bbox 318 2973 386 3038; x_wconf 88' lang='lat' dir='ltr'>eius</span> <span class='ocrx_word' id='word_1_198' title='bbox 413 2970 594 3038; x_wconf 81' lang='lat' dir='ltr'>efficientur.</span> <span class='ocrx_word' id='word_1_199' title='bbox 618 2973 647 3035; x_wconf 85' lang='lat'>4.</span> <span class='ocrx_word' id='word_1_200' title='bbox 671 2970 903 3036; x_wconf 87' lang='lat' dir='ltr'>Filiusfamilias</span> <span class='ocrx_word' id='word_1_201' title='bbox 925 2970 951 3036; x_wconf 89' lang='lat' dir='ltr'>si</span> <span class='ocrx_word' id='word_1_202' title='bbox 973 2969 1128 3052; x_wconf 86' lang='lat' dir='ltr'>stipendia</span> <span class='ocrx_word' id='word_1_203' title='bbox 1149 2987 1211 3034; x_wconf 88' lang='lat' dir='ltr'>me·</span> 
     </span>
     <span class='ocr_line' id='line_1_23' title="bbox 105 3086 1211 3172; baseline -0.001 -21"><span class='ocrx_word' id='word_1_204' title='bbox 105 3093 199 3172; x_wconf 86' lang='lat' dir='ltr'>ruerit,</span> <span class='ocrx_word' id='word_1_205' title='bbox 221 3096 281 3158; x_wconf 88' lang='lat' dir='ltr'>aut</span> <span class='ocrx_word' id='word_1_206' title='bbox 295 3097 422 3158; x_wconf 86' lang='lat' dir='ltr'>senator</span> <span class='ocrx_word' id='word_1_207' title='bbox 442 3090 494 3156; x_wconf 88' lang='lat' dir='ltr'>uel</span> <span class='ocrx_word' id='word_1_208' title='bbox 517 3091 610 3158; x_wconf 87' lang='lat' dir='ltr'>etiam</span> <span class='ocrx_word' id='word_1_209' title='bbox 632 3091 740 3157; x_wconf 86' lang='lat' dir='ltr'>consul</span> <span class='ocrx_word' id='word_1_210' title='bbox 762 3090 864 3156; x_wconf 86' lang='lat' dir='ltr'>faetus</span> <span class='ocrx_word' id='word_1_211' title='bbox 886 3088 990 3169; x_wconf 85' lang='lat' dir='ltr'>tuerit,</span> <span class='ocrx_word' id='word_1_212' title='bbox 1009 3093 1113 3154; x_wconf 85' lang='lat' dir='ltr'>manet</span> <span class='ocrx_word' id='word_1_213' title='bbox 1135 3086 1211 3152; x_wconf 87' lang='lat' dir='ltr'><strong>nihi·</strong></span> 
     </span>
     <span class='ocr_line' id='line_1_24' title="bbox 105 3205 1210 3304; baseline -0.001 -34"><span class='ocrx_word' id='word_1_214' title='bbox 105 3209 223 3278; x_wconf 84' lang='lat' dir='ltr'>lominus</span> <span class='ocrx_word' id='word_1_215' title='bbox 247 3211 280 3276; x_wconf 89' lang='lat' dir='ltr'>in</span> <span class='ocrx_word' id='word_1_216' title='bbox 303 3211 402 3294; x_wconf 88' lang='lat' dir='ltr'>patris</span> <span class='ocrx_word' id='word_1_217' title='bbox 416 3217 582 3293; x_wconf 85' lang='lat' dir='ltr'>potestate.</span> <span class='ocrx_word' id='word_1_218' title='bbox 606 3210 717 3276; x_wconf 88' lang='lat' dir='ltr'>militia</span> <span class='ocrx_word' id='word_1_219' title='bbox 740 3209 822 3304; x_wconf 74' lang='lat' dir='ltr'>esim</span> <span class='ocrx_word' id='word_1_220' title='bbox 845 3208 896 3276; x_wconf 90' lang='lat' dir='ltr'>uel</span> <span class='ocrx_word' id='word_1_221' title='bbox 918 3206 1088 3274; x_wconf 83' lang='lat' dir='ltr'>consularis</span> <span class='ocrx_word' id='word_1_222' title='bbox 1111 3205 1210 3287; x_wconf 78' lang='lat' dir='ltr'>digni·</span> 
     </span>
    </p>
   </div>
   <div class='ocr_carea' id='block_1_5' title="bbox 106 3322 1222 3423">
    <p class='ocr_par' dir='ltr' id='par_1_7' title="bbox 106 3322 1222 3423">
     <span class='ocr_line' id='line_1_25' title="bbox 106 3322 1222 3423; baseline -0.015 -18"><span class='ocrx_word' id='word_1_223' title='bbox 106 3337 210 3404; x_wconf 75' lang='lat' dir='ltr'>assui</span> <span class='ocrx_word' id='word_1_224' title='bbox 232 3339 313 3404; x_wconf 89' lang='lat' dir='ltr'>iuris</span> <span class='ocrx_word' id='word_1_225' title='bbox 335 3337 432 3404; x_wconf 90' lang='lat' dir='ltr'>filium</span> <span class='ocrx_word' id='word_1_226' title='bbox 456 3341 517 3404; x_wconf 86' lang='lat' dir='ltr'>non</span> <span class='ocrx_word' id='word_1_227' title='bbox 540 3335 643 3404; x_wconf 83' lang='lat' dir='ltr'>efficit.</span> <span class='ocrx_word' id='word_1_228' title='bbox 671 3337 697 3402; x_wconf 87' lang='grc' dir='ltr'><strong>εἰ</strong></span> <span class='ocrx_word' id='word_1_229' title='bbox 720 3343 825 3403; x_wconf 85' lang='lat' dir='ltr'>autem</span> <span class='ocrx_word' id='word_1_230' title='bbox 847 3334 998 3420; x_wconf 87' lang='lat' dir='ltr'>patricius</span> <span class='ocrx_word' id='word_1_231' title='bbox 1019 3324 1122 3392; x_wconf 79' lang='lat' dir='ltr'>tactus</span> <span class='ocrx_word' id='word_1_232' title='bbox 1145 3322 1222 3423; x_wconf 82' lang='lat' dir='ltr'>tue·¹</span> 
     </span>
    </p>
   </div>
   <div class='ocr_carea' id='block_1_6' title="bbox 0 0 1524 4884">
    <p class='ocr_par' dir='ltr' id='par_1_8' title="bbox 0 0 1524 4884">
     <span class='ocr_line' id='line_1_26' title="bbox 0 0 1524 4884; baseline 0 3"><span class='ocrx_word' id='word_1_233' title='bbox 0 0 1524 4884; x_wconf 95' lang='lat' dir='ltr'> </span> 
     </span>
    </p>
   </div>
  </div>
 </body>
</html>
