2990 4884
576 412 789 484 -79-2·

110 597 238 662 iustum
260 601 310 664 est
331 596 414 664 enim
441 601 479 664 ut
504 596 559 680 qui
587 595 745 679 perlectae
771 596 886 665 aetatis
913 615 976 664 non
1003 596 1084 674 sint,
1113 593 1247 664 aliorum

61 715 93 771 ⁷·
116 712 223 782 tulela
244 720 405 796 regantur.
450 715 480 778 7.
502 711 583 780 cum
605 720 712 782 autem
731 714 867 798 puberes
889 715 1000 797 pupilli
1021 714 1096 784 iacti
1118 713 1245 795 luerint.

113 831 240 900 tutelae
260 833 376 900 indicio
397 839 519 900 tutores
541 833 582 900 ed
603 833 781 900 reddendas
804 832 943 902 rationes
965 831 1160 918 compellent.

347 1439 395 1506 De
416 1440 605 1508 auctoritate
627 1445 778 1506 tutorum.
822 1440 948 1508 Titulus
970 1441 1021 1505 21.

208 1626 363 1706 Quoniam
384 1626 520 1694 munus
542 1632 680 1694 tutorem
701 1627 743 1692 ed
765 1645 832 1694 rem
853 1626 964 1710 pupilli
982 1626 1152 1710 gerendam
1168 1627 1248 1706 dari,
1317 1655 1319 1662 ·

117 1745 339 1812 admonendus
360 1763 394 1812 es
417 1763 489 1812 eurn
510 1747 543 1810 in
569 1744 759 1829 quibusdam
786 1744 897 1828 pupilli
925 1746 1058 1830 negotiis
1087 1752 1248 1814 auctorem
1282 1731 1300 1783 ⁵

117 1863 193 1931 fieri
213 1864 339 1944 debore,
361 1868 394 1930 et
414 1864 499 1946 quod
520 1865 588 1929 sine
610 1863 799 1931 auctoritate
820 1865 888 1930 eins
909 1863 1026 1931 iactum
1055 1863 1098 1929 sit
1124 1883 1164 1931 ne
1186 1864 1250 1931 iac·

119 1991 192 2049 tum
214 1983 340 2063 quidem
363 1983 473 2050 uideri.
519 1989 594 2050 sunt
615 1990 720 2050 eutem
743 1985 916 2067 quaedam,
938 1983 971 2050 in
993 1983 1107 2066 quibus
1134 1984 1249 2050 tutoris

118 2103 296 2169 auctoritas
317 2101 497 2170 necessarie
518 2121 579 2169 non
602 2109 659 2170 est
688 2108 725 2168 ul
746 2120 818 2170 ecce
840 2103 867 2168 si
888 2101 1027 2185 pupillus
1048 2101 1145 2168 luerit
1166 2119 1250 2168 ame

119 2221 311 2304 stipulatus:
334 2221 463 2290 decem
490 2238 635 2288 aureos
663 2220 760 2288 mihi
787 2221 882 2288 dere
909 2219 1102 2304 spondes?
1131 2220 1173 2287 ad
1195 2220 1252 2291 stie

119 2340 318 2424 pulsationem
341 2339 586 2408 confirmandam
607 2340 723 2408 tutoris
744 2341 933 2408 securitate
955 2357 1035 2423 opus
1056 2356 1118 2406 non
1141 2345 1200 2412 est
1220 2340 1250 2406 si
1270 2329 1303 2382 ¹⁰

121 2477 202 2525 uero
231 2458 301 2542 ipse
327 2443 466 2541 pupillus
495 2458 613 2540 aliquid
642 2458 718 2526 dare
743 2459 910 2542 spondeat,
944 2456 1107 2540 stipulatio
1136 2458 1251 2523 tutoris

119 2578 313 2646 auctoritate
334 2575 545 2644 confirmatur.
588 2560 707 2659 placuit
726 2577 810 2644 enim
831 2577 991 2644 meliorem
1012 2576 1140 2659 quidem
1162 2593 1252 2644 suam

120 2696 339 2765 condicionem
358 2696 455 2763 licere
481 2697 511 2762 ei
538 2693 656 2775 boore,
687 2701 719 2762 et
745 2713 820 2762 suas
846 2712 962 2777 augere
988 2694 1155 2762 facultates
1184 2697 1252 2762 sine

120 2815 241 2882 tutoris
262 2816 461 2893 auctoritate,
484 2814 671 2882 deteriorem
690 2821 799 2882 autem
821 2813 925 2882 iacere
947 2833 1009 2880 non
1032 2813 1134 2893 aliter,
1156 2831 1251 2896 quam

121 2934 151 3002 si
174 2933 301 3016 negotio
323 2933 496 3002 auctoritas
518 2934 648 3002 accedat
669 2933 793 3000 tutoris.
839 2933 921 3001 unde
946 2933 979 3000 iu
1006 2933 1055 2999 his
1086 2935 1190 3000 causis
1219 2931 1303 2999 in1⁵

120 3051 242 3134 quibus
264 3052 305 3120 ab
326 3058 461 3134 utroque
482 3053 582 3120 latere
604 3052 811 3135 obligationes
834 3052 1091 3120 contrahentibus
1121 3070 1252 3119 nascun-

121 3179 189 3249 tur,
211 3170 311 3236 ueluti
331 3171 365 3236 in
385 3170 594 3238 locationibus
615 3170 773 3237 mandatis
795 3170 944 3253 depositis
967 3171 1053 3255 (nam
1082 3171 1136 3254 qui
1159 3170 1252 3251 depo

122 3289 175 3356 nit
195 3289 351 3358 duacum
374 3292 509 3374 depositi
530 3293 684 3359 actionem
706 3293 811 3372 habet,
834 3292 890 3375 qui
913 3297 1017 3359 autem
1046 3292 1078 3357 in
1101 3309 1136 3358 re
1158 3290 1252 3372 depo·

122 3409 189 3474 sita
220 3409 340 3490 aliquid
373 3409 536 3493 impendit,
569 3411 789 3494 contrariam),
822 3410 884 3476 nisi
914 3409 1105 3477 interueniat
1136 3409 1251 3475 tutoris

122 3525 310 3610 auctoritas,
333 3531 402 3612 ipse
423 3529 565 3613 quidem,
594 3531 649 3611 qui
671 3547 742 3598 cum
764 3529 891 3613 pupulis
912 3529 1086 3608 contrahit,
1109 3529 1154 3595 eis
1176 3526 1253 3596 obli·
1269 3530 1305 3584 2⁰
