3022 4884
598 408 832 472 -122-

469 691 516 762 Dc
538 691 754 760 cantatibus
798 690 922 762 Titulus
943 694 974 758 3.

243 873 412 961 Inprimis
439 878 478 944 de
506 877 716 945 seruitutibus
742 878 940 960 praediorum
969 879 1157 946 rusticorum
1184 877 1282 964 dispi-

156 997 285 1064 ciamus.
330 995 392 1064 iam
413 996 498 1062 nosti
519 1012 601 1078 quae
627 993 671 1062 sit
698 995 851 1062 eiusmodi
876 997 1014 1064 seruitus
1043 1003 1077 1064 et
1103 1016 1186 1080 quae
1212 999 1280 1066 eius

158 1112 310 1180 definitio.
365 1113 564 1185 seminudum
585 1112 706 1196 specics
732 1131 816 1186 aauc
843 1115 1066 1196 proponendae
1094 1122 1179 1182 sunu
1208 1115 1281 1184 iura

156 1231 359 1312 praediorum
379 1231 570 1298 rusticorum
591 1233 668 1296 sunt
688 1230 775 1297 haec.
819 1230 883 1298 iter
903 1236 994 1300 actus
1024 1231 1078 1298 uia
1102 1233 1281 1315 aquaeduc-

32 1333 44 1352 '
156 1355 220 1414 tus.
264 1349 342 1430 quid
363 1353 412 1414 est
432 1347 550 1432 iter?¹)
578 1352 615 1414 ut
640 1367 713 1416 ecce
739 1349 893 1416 habebam
922 1367 981 1431 ego
1010 1347 1157 1428 fundum,
1187 1351 1280 1420 habe
1313 1367 1332 1420 a

156 1467 278 1548 basque
301 1472 338 1532 tu
359 1465 490 1533 mudum
511 1468 696 1549 proximum.
733 1483 837 1534 meum
858 1465 990 1536 fundum
1012 1485 1083 1534 cum
1105 1467 1193 1536 adira
1215 1468 1281 1538 uel·

155 1585 228 1662 lem,
252 1585 445 1666 permultas
466 1586 615 1674 ambages
637 1586 670 1652 id
693 1585 771 1652 mihi
792 1590 916 1652 nmium
938 1586 1062 1654 licebac
1106 1585 1183 1670 petii
1205 1605 1225 1657 a
1247 1591 1280 1654 da

156 1708 194 1768 ut
217 1701 292 1768 mihi
314 1703 374 1768 'der
400 1703 602 1782 ccuoederes,
632 1703 715 1771 idest
742 1707 778 1769 ut
804 1704 884 1772 mihi
911 1704 1020 1775 liceret
1047 1705 1183 1774 transire
1212 1705 1281 1776 siue

155 1821 297 1892 iumento
318 1826 352 1891 ct
372 1821 440 1888 sine
461 1838 566 1894 curru.
610 1825 702 1886 maus
727 1825 834 1892 auum
862 1819 938 1902 quid
964 1819 1037 1888 est?
1065 1819 1280 1890 catusionem

156 1936 264 2019 habet,
286 1957 357 2008 cum
378 1956 438 2022 ego
459 1958 479 2004 a
500 1944 532 2006 te
553 1943 669 2021 petam,
690 1942 728 2005 ut
749 1937 826 2003 mihi
847 1935 942 2006 doeac
962 1955 1022 2019 per
1042 1937 1174 2005 fundum
1188 1943 1281 2005 tuum
1300 1954 1333 2007 ιο

155 2058 292 2122 ιιαιιιίιο
314 2073 385 2121 cum
406 2057 547 2124 iumento
568 2056 621 2122 uel
642 2075 753 2136 curru3
775 2055 882 2135 itaque
897 2054 952 2138 qui
970 2055 1033 2122 iter
1045 2055 1151 2136 habet,
1174 2062 1281 2124 actum
1421 2091 1428 2108 ·

156 2192 220 2240 non
240 2174 345 2253 habet.
368 2192 441 2240 nam
463 2191 534 2241 cum
556 2175 695 2241 iumento
716 2179 750 2239 et
776 2190 872 2238 curru
899 2173 1034 2244 transire
1062 2173 1181 2256 nequid
1226 2176 1280 2257 qui

156 2298 262 2359 actum
284 2299 391 2359 antem
412 2293 517 2372 habet,
540 2292 636 2358 habet
656 2309 781 2375 quoque
803 2291 874 2374 iter,
894 2296 1002 2372 potest
1028 2291 1111 2357 euim
1139 2294 1172 2356 ct
1193 2291 1279 2365 selus

156 2417 190 2477 et
212 2428 282 2476 cum
301 2411 440 2477 iumento
462 2411 606 2478 transire.
634 2411 688 2476 uia
708 2415 758 2478 est
778 2412 830 2476 ius
851 2409 945 2484 cundi
968 2414 1002 2476 et
1023 2409 1139 2498 agendi
1160 2409 1278 2484 iumen·

157 2536 243 2611 tum3
266 2533 298 2594 et
318 2528 390 2594 ideo
411 2529 444 2592 in
466 2530 520 2594 uia
541 2528 651 2598 eadem
670 2532 745 2598 cant
759 2545 839 2610 quaa
853 2527 885 2596 in
900 2533 989 2594 actu:
1011 2526 1045 2590 in
1067 2527 1179 2594 ceteris
1201 2545 1278 2595 uero
1299 2550 1330 2604 ιιι

158 2646 312 2728 quaedam
334 2653 410 2714 sunt
431 2646 635 2726 differentiae,
657 2646 833 2729 dequibus
854 2645 887 2712 in
910 2644 1047 2728 Digestis
1069 2644 1278 2726 dispiciemus.

155 2765 371 2848 aquaeductus
393 2771 443 2832 est
463 2767 513 2832 ius
535 2784 636 2850 aquae
657 2783 716 2854 per
735 2765 873 2831 alienum
893 2763 1026 2830 fundum
1045 2763 1220 2831 ducendae:
1244 2770 1281 2830 ut

155 2900 229 2953 cccc
250 2881 382 2949 fundum
404 2899 487 2964 aqua
509 2883 639 2952 diuitem
660 2883 813 2962 habebas,
836 2885 906 2952 crat
927 2887 1037 2954 contra
1057 2881 1133 2946 mihi
1161 2880 1279 2948 fundus

154 3018 239 3082 aqua
266 3001 373 3084 inops:
408 3001 487 3083 petii
519 3021 541 3066 a
573 3006 607 3069 te
632 3007 670 3068 ut
694 3001 773 3068 mihi
798 3001 908 3071 dcetec
940 3020 978 3068 ex
1011 3000 1097 3068 iente
1128 2999 1215 3094 apud
1246 3005 1279 3066 te

155 3118 278 3196 oriente
297 3137 413 3204 aquam
433 3121 465 3194 iu
487 3119 619 3192 iuudmn
640 3139 744 3192 uacum
765 3121 894 3198 ducatu:
914 3119 975 3196 hac
989 3119 1065 3196 mihi
1077 3118 1279 3196 doncoesisti:
1296 3130 1332 3183 2⁰

113 3247 137 3298 1.
158 3238 237 3306 hacc
259 3239 399 3306 sancitus
419 3239 635 3324 aquaeductus
656 3245 715 3309 esd
762 3241 790 3309 1.
820 3237 1028 3322 Dispiciamus
1057 3239 1103 3308 de
1119 3235 1280 3304 seruituti·

155 3356 216 3422 bus
236 3357 437 3438 praediorum
465 3357 665 3426 urbanarum.
716 3355 888 3431 seruitutas
916 3355 1117 3439 praediorum
1144 3353 1280 3420 urbano·

155 3491 228 3540 rum
250 3479 339 3554 sunt,
366 3492 449 3557 quas
473 3473 623 3542 aedificiis
651 3473 830 3553 inanescat,
860 3472 994 3555 ideaque
1019 3471 1116 3538 latine
1145 3470 1280 3537 audiunt

156 3593 444 3674 »praediorum
464 3593 746 3671 urbanorum«,
768 3589 916 3673 quoniam
938 3589 1080 3657 aedificia
1101 3589 1206 3656 omnia
1228 3607 1280 3655 ur·

224 3809 874 3899 numquamnumquam
891 3823 1112 3928 cucuma
1130 3827 1231 3894 aaa.
