2990 4884
528 433 759 498 -104-

101 635 221 700 cumque
253 619 320 686 loco
348 619 548 686 inueniautur
575 621 775 687 nihilominus
801 621 834 687 in
866 629 921 689 tuo
943 621 1079 687 dominio
1101 640 1205 695 mane·

102 737 168 801 bunt
205 745 237 801 et
269 739 323 820 qui
361 739 420 806 sibi
459 739 594 806 habendi
630 742 752 822 gratia,
792 741 874 807 idest
912 741 1053 806 lucrandi
1092 731 1204 811 animo,

101 873 132 919 ca
149 857 295 921 animalia
316 858 492 936 retinuerit,
516 857 634 925 furtum
657 859 850 926 committere
871 859 1062 942 intellegitur
1082 869 1114 924 et
1128 858 1204 924 furti

63 971 91 1023 ¹7·
100 976 211 1040 actione
233 978 399 1045 tenebitur.
435 980 483 1040 17.
507 977 669 1045 Naturalis
690 980 858 1060 adquisitio
880 988 929 1044 est
951 996 1058 1045 eorum
1081 996 1205 1062 quoque

100 1094 167 1174 quae
190 1114 229 1160 ex
250 1096 392 1162 hostibus
415 1098 564 1178 capimus.
608 1099 657 1164 ius
684 1099 824 1179 gentium
852 1099 933 1163 anim
963 1099 1069 1162 statim
1098 1105 1205 1163 nostra
1238 1109 1255 1158 s

101 1231 131 1276 ea
154 1232 223 1280 esse
250 1215 333 1288 uult,
360 1233 440 1298 quae
467 1235 505 1282 ex
532 1216 675 1283 hostibus
703 1215 893 1298 ceperimus,
922 1217 1029 1296 itaqua
1056 1224 1088 1282 et
1114 1215 1203 1282 liberi

99 1333 227 1398 homines
256 1335 340 1414 capti
368 1336 400 1400 in
429 1337 613 1402 seruitutem
642 1346 782 1402 nostram
812 1337 1014 1403 deducentur.
1069 1336 1096 1399 si
1128 1353 1204 1400 uero

98 1452 239 1519 eiusmodi
261 1473 312 1519 res
335 1461 473 1520 nostram
496 1456 654 1520 suaserint
679 1461 884 1538 potestatem,
914 1455 1011 1522 ueluti
1040 1455 1203 1536 mancipia,

61 1577 125 1635 18-et
143 1574 180 1636 ad
203 1591 278 1637 suos
299 1591 446 1638 reuersae
468 1574 593 1652 fuerint,
616 1575 780 1656 pristinum
804 1575 958 1657 recipiunt
979 1583 1106 1640 statum.
1152 1575 1202 1638 18.

98 1691 199 1772 lapilli
222 1693 352 1772 pretiosi
373 1701 406 1758 et
426 1711 568 1775 gemmae
590 1700 622 1758 et
644 1701 765 1770 cetera,
795 1712 875 1776 quae
897 1695 927 1760 in
949 1694 1041 1760 litore
1069 1695 1203 1759 inueniri
1223 1698 1256 1749 1⁰

59 1813 88 1861 19-
96 1811 194 1889 solent,
215 1813 284 1876 iura
305 1813 441 1877 naturali
462 1813 570 1878 statim
584 1814 756 1878 incentoris
776 1811 864 1878 liunt.
891 1815 939 1878 19.
963 1813 1044 1878 Item
1060 1833 1106 1891 ea,
1123 1833 1204 1896 quaa

96 1950 129 1994 ex
151 1933 335 1999 animalibus
362 1931 500 1998 dominio
527 1951 596 1998 meo
623 1931 772 1998 subiectis
801 1939 988 2010 nascuntur,
1018 1950 1088 1998 mea
1114 1932 1202 2010 fiunt,

95 2050 165 2116 sicut
186 2059 218 2116 et
238 2051 292 2116 illa
313 2072 351 2118 ex
372 2053 485 2135 quibus
507 2059 581 2117 nata
604 2061 687 2118 sunt.

57 2170 87 2219 20·
169 2171 218 2235 20,
250 2171 412 2238 Naturalis
434 2171 602 2255 adquisitio
625 2181 673 2238 est
695 2191 732 2238 ea
753 2189 877 2256 quoque
899 2192 980 2256 quae
1001 2192 1058 2256 per
1073 2172 1203 2238 alluuio·

96 2307 157 2354 nem
176 2288 220 2355 fit,
243 2291 361 2358 alluuio
376 2309 488 2373 graece
501 2292 730 2374 interpretatur
745 2292 925 2378 πρόςκλυοις
946 2292 998 2358 uel
1019 2293 1201 2379 πρόςχωσις.
1222 2307 1273 2360 ro·
1296 2335 1301 2350 ·

98 2408 237 2492 quidquid
259 2412 341 2476 enim
363 2429 422 2492 per
443 2411 630 2477 alluuionem
653 2421 761 2477 nostro
787 2413 882 2477 fundo
904 2409 1018 2476 flumen
1041 2410 1201 2488 adiecerit,

96 2530 220 2596 naturali
242 2531 310 2595 iura
332 2537 473 2596 nostrum
495 2529 539 2596 lit
585 2530 725 2598 definitio
746 2531 890 2598 ailuionis
912 2538 1017 2597 autem
1038 2530 1114 2597 haec
1136 2540 1199 2596 est:

96 2649 307 2717 incrementum
329 2650 440 2716 latens.
492 2669 549 2732 per
576 2650 764 2718 alluuionem
791 2669 868 2716 uero
897 2649 929 2714 id
956 2633 1037 2716 adici
1065 2649 1199 2730 uidetur,

65 2754 66 2759 ἵ
97 2771 168 2849 quod
192 2771 238 2835 ita
266 2769 429 2852 paullatim
458 2769 627 2849 adcrescit,
658 2779 694 2837 ut
721 2769 860 2852 intellegi
887 2777 1022 2852 nequeat
1048 2779 1200 2852 quantum

97 2904 208 2971 quoquo
229 2890 379 2970 temporis
400 2896 556 2955 momento
578 2896 686 2954 nostro
700 2891 862 2955 adcrescat
877 2890 1013 2956 dominio
1026 2891 1111 2970 quod
1134 2889 1199 2954 adi·
1217 2897 1252 2947 20

97 3006 174 3072 citur.
210 3007 294 3089 finge
316 3009 397 3073 enim
420 3008 498 3074 duos
520 3025 589 3075 asse
610 3007 735 3087 fundos,
756 3017 845 3074 tuum
868 3017 900 3074 et
921 3027 1040 3075 meum:
1063 3007 1199 3074 madium

97 3134 187 3191 autem
208 3125 322 3192 fiumen
349 3124 460 3193 fluere:
491 3127 517 3220 si
543 3125 658 3194 flumen
686 3126 848 3208 paullatim
875 3137 908 3193 et
936 3129 1003 3194 sine
1029 3147 1123 3194 sensu
1145 3126 1200 3191 ali·

42 3245 161 3326 itaquid
181 3246 277 3312 tundo
300 3264 369 3313 meo
390 3245 524 3325 adiciat,
553 3245 585 3310 id
608 3247 677 3312 iure
705 3247 871 3313 alluuionis
901 3265 1003 3313 meum
1032 3245 1077 3311 iit.
1121 3246 1197 3311 20³.

97 3363 201 3441 Quodsi
222 3366 272 3432 uis
291 3363 427 3432 fluminis
450 3375 483 3432 et
503 3367 639 3448 impetus
661 3376 783 3447 partem
805 3367 942 3449 aliquam
970 3385 1008 3432 ex
1034 3373 1088 3431 luo
1111 3385 1198 3448 prae·

97 3485 140 3552 dio
160 3489 329 3554 detraxerit
350 3496 383 3553 at
404 3506 473 3553 meo
495 3487 650 3570 appulerit
671 3487 816 3570 praedio,
839 3486 942 3569 palam
971 3492 1020 3550 est
1045 3486 1197 3552 adiectam
1215 3499 1250 3550 25

97 3614 204 3684 partam
225 3615 311 3672 tuam
333 3626 527 3690 parmanere,
550 3625 612 3674 non
634 3609 715 3675 enim
738 3607 805 3671 sine
827 3625 919 3672 sensu
942 3605 974 3671 id
1001 3605 1198 3672 factumest.
