3022 4884
579 415 812 490 ..133-

132 603 331 670 commodanti
353 601 405 670 uel
426 601 526 670 eidem
549 621 653 670 meum
675 621 801 670 seruum
820 603 923 670 looaui
944 603 996 670 uel
1017 602 1134 671 discum
1150 621 1252 670 meum

131 724 218 805 opud
241 741 311 789 eum
334 724 473 804 deposui.
518 729 661 789 mortuus
688 729 737 788 est
763 723 813 790 hic
843 729 875 790 te
902 724 1048 790 heredem
1076 722 1253 790 instituens.
1351 792 1361 814 .

132 863 171 909 ea
193 845 225 909 in
248 843 422 910 hereditate
443 843 607 928 inuenisti5
630 846 749 927 putasti
772 841 963 910 hereditaria
985 863 1023 910 ea
1042 863 1110 910 esse
1126 847 1158 910 et
1172 844 1254 910 bona

131 962 195 1028 tide
217 965 381 1047 accipienti
404 964 574 1031 uendidisti
597 964 647 1030 uei
670 965 794 1030 donasti
817 965 867 1030 uel
891 963 974 1029 dotis
989 963 1114 1029 nomine
1129 964 1253 1030 dedisti.

131 1106 205 1154 ecce
226 1085 359 1150 alienam
382 1103 447 1150 rem
470 1091 502 1150 et
523 1083 623 1150 inuito
647 1083 771 1148 domino
793 1081 995 1150 contrectasti
1018 1089 1168 1149 ettamen
1190 1082 1254 1148 sur·
1287 1089 1304 1140 ὁ

132 1207 202 1272 tiua
224 1224 275 1270 res
297 1224 359 1270 non
380 1201 426 1282 fit,
449 1222 519 1271 cnm
541 1208 574 1270 et
596 1205 677 1270 bono
698 1203 760 1268 fide
781 1220 833 1268 res
854 1201 1153 1284 possideamusque
1176 1203 1254 1268 uitio

132 1325 305 1392 irretiatur.
329 1342 390 1390 non
414 1331 463 1391 est
485 1324 566 1390 enim
589 1324 754 1390 dicendum
776 1320 925 1390 heredem
947 1322 1065 1388 furtum
1087 1322 1254 1388 admittere

94 1447 116 1496 5·
133 1445 190 1528 qui
211 1464 278 1511 rem
300 1447 382 1512 bona
402 1444 464 1511 tide
486 1445 613 1511 uendat.
658 1447 688 1510 5.
721 1442 809 1510 Idem
831 1446 865 1508 et
891 1445 923 1508 in
950 1442 1012 1508 ulio
1041 1459 1115 1508 casu
1146 1441 1254 1520 depre-

132 1567 293 1632 henditur.
327 1567 465 1632 concessi
487 1565 545 1631 tibi
568 1565 698 1631 ancillae
720 1583 807 1630 meae
827 1563 1072 1630 usumfructum:
1096 1559 1254 1628 ususfruc-

133 1692 187 1752 tus
214 1686 344 1751 ancillae
370 1686 401 1750 in
431 1687 498 1751 eius
527 1703 675 1750 munuum
708 1703 804 1766 opero
834 1691 866 1751 et
898 1681 1068 1748 ministerio
1101 1679 1252 1766 consistit.
1273 1682 1305 1734 10

134 1805 258 1888 peperit
280 1806 349 1885 ipsa
369 1806 453 1886 apud
475 1811 521 1884 te,
549 1811 581 1870 et
607 1811 718 1887 partus
739 1803 815 1868 mihi
838 1810 946 1886 utpote
973 1801 1095 1868 domino
1119 1799 1254 1882 pertinet

135 1925 308 1992 secundum
330 1943 377 2004 ea,
399 1943 481 2007 quae
504 1925 647 2005 superius
670 1923 897 2006 proposuimus.
942 1940 1011 1987 oum
1033 1927 1162 2004 putares
1184 1938 1254 2002 par-

136 2051 202 2109 tum
225 2044 357 2111 ancillae
379 2045 437 2110 tibi
460 2050 568 2126 utpote
590 2044 760 2109 fructuario
783 2044 956 2126 pertinere,
986 2060 1056 2107 eum
1085 2038 1253 2106 uendidisti

136 2184 192 2230 seu
214 2165 348 2231 donasti.
391 2183 464 2232 ecce
486 2165 536 2230 hic
558 2183 683 2247 quoque
705 2165 805 2229 inuito
828 2161 953 2228 domino
975 2162 1007 2226 id
1029 2161 1147 2239 iecisti,
1174 2165 1254 2224 utta·

137 2303 216 2362 men,
240 2303 309 2349 oum
332 2285 402 2350 dolo
417 2301 550 2363 careres,
565 2301 625 2349 non
641 2285 710 2349 ideo
725 2283 843 2348 furtum
860 2284 1028 2349 admissum
1052 2294 1109 2346 est.
1133 2283 1163 2344 in
1187 2279 1254 2343 uni·
1275 2289 1304 2339 ro

137 2424 262 2499 uersum
285 2405 366 2469 enim
389 2405 468 2470 scire
491 2405 585 2470 debes
607 2404 725 2468 furtum
748 2404 814 2468 sine
838 2401 1012 2481 dolomalo
1027 2417 1185 2482 nunquam
1200 2397 1255 2463 ad·

98 2537 120 2588 a.
139 2526 233 2607 mitti3
261 2524 380 2590 furtum
408 2527 488 2591 enim
512 2523 579 2589 sine
600 2523 712 2590 affectu
733 2522 860 2589 furandi
880 2539 940 2587 non
961 2519 1174 2586 committitur.
1223 2519 1253 2582 6.

137 2644 204 2726 Ego
226 2644 353 2728 quidem
376 2663 532 2727 perpauca
554 2643 708 2723 quaedam
730 2641 870 2724 exemplu
892 2639 950 2706 tibi
966 2637 1069 2718 attuli,
1091 2643 1140 2704 set
1154 2637 1186 2702 in
1202 2655 1254 2702 ne·

138 2767 292 2845 gotiorum
313 2765 383 2846 ipsa
405 2762 585 2830 condicione
606 2763 754 2844 pleraque
776 2760 946 2843 excogitari
967 2765 1113 2843 possunt,
1135 2757 1167 2824 in
1190 2757 1254 2840 qui·

140 2885 196 2950 bus
218 2885 396 2950 inueniatur
424 2886 495 2967 quis
521 2885 653 2951 alienam
680 2901 746 2948 rem
775 2883 875 2948 inuito
904 2879 1029 2946 domino
1059 2883 1254 2944 contrectare
1271 2898 1305 2950 20

100 3015 124 3069 ⁷.
141 3021 239 3087 neque
260 3004 330 3070 ideo
352 3003 500 3070 furtiuam
522 3005 663 3070 reddere.
698 3003 727 3066 7.
759 3001 846 3068 Haec
868 2999 993 3084 quidem
1016 3001 1054 3065 de
1076 2999 1170 3064 rebus
1192 2997 1253 3062 iur-

144 3119 230 3190 tiuis:
255 3142 306 3188 res
329 3129 433 3189 autern
458 3123 491 3189 ui
516 3142 661 3205 possessa
688 3142 726 3188 ex
757 3123 826 3202 ipsa
849 3123 880 3185 ui
914 3120 1012 3186 inlata
1045 3116 1253 3200 intellegitur3

142 3262 207 3310 cum
229 3245 300 3328 quis
321 3262 371 3310 me
393 3245 522 3311 adortus
551 3244 680 3310 aedibus
706 3245 782 3308 meis
809 3243 861 3308 uel
888 3241 984 3306 fundo
1013 3257 1081 3305 meo
1111 3235 1253 3319 expellat.
