3144 4884
637 443 870 516 -1612

147 631 247 702 1313.
280 628 388 696 Potest
409 635 516 697 autem
538 634 672 696 testator
693 631 785 711 plura
808 631 917 698 eodem
945 631 1085 716 exemplo
1114 635 1250 702 scribere
1272 640 1318 701 te-

196 753 362 828 stamenta,
384 749 428 814 ita
450 754 554 814 tamen
576 755 613 814 ut
634 747 795 831 singulum
816 749 962 832 quodque
983 753 1153 817 secundum
1176 754 1319 836 optinen-

196 875 258 934 tem
281 868 312 932 in
335 869 532 934 testamentis
554 867 805 934 obseruationem
827 867 1018 935 conficiatur.
1042 870 1198 937 interdum
1213 878 1318 939 eutem

198 989 407 1053 necessarium
437 994 486 1053 eat
512 986 602 1068 plura
630 993 892 1054 testamentorum
924 989 1111 1071 exemplaria
1138 988 1215 1056 lieri.
1263 990 1319 1057 ali-

197 1108 322 1186 quando
345 1107 425 1171 enim
448 1107 518 1188 quis
541 1107 746 1187 nauigaturus
768 1125 874 1172 secum
896 1112 1119 1173 testamentum
1142 1108 1212 1173 uult
1226 1109 1318 1191 ferre,
1353 1109 1372 1161 5

197 1225 391 1307 alterumque
414 1225 497 1290 dorni
515 1225 748 1308 relinquerent
763 1227 947 1294 iudiciorum
970 1245 1097 1293 suorum
1120 1229 1320 1294 contestatio·

198 1362 277 1412 nem.
322 1351 355 1409 et
376 1350 505 1426 propter
526 1345 603 1410 alias
626 1345 801 1426 complures
829 1363 957 1424 causas,
984 1363 1066 1427 quae
1094 1346 1239 1412 humanis
1268 1367 1319 1414 ne

195 1462 394 1530 cessitatibus
408 1463 581 1543 imminent,
596 1466 806 1530 necessarium
821 1465 853 1531 id
873 1464 926 1545 fit;
947 1464 1105 1531 interdum
1121 1465 1203 1530 enim
1219 1484 1320 1531 exem-

200 1583 269 1667 pler
290 1603 386 1649 unum
407 1583 491 1649 furto
507 1583 664 1664 abripitur
677 1585 729 1649 uel
745 1582 847 1665 quiin
863 1585 1039 1665 depositum
1054 1585 1175 1666 accepit
1188 1603 1319 1668 peregre

149 1721 188 1774 14.
197 1704 257 1768 iuit
278 1721 335 1768 nec
357 1703 456 1784 liquet
479 1704 532 1769 ubi
555 1705 658 1784 degat.
699 1704 747 1768 14.
780 1701 866 1769 Haec
889 1703 993 1769 omnia
1016 1703 1054 1768 de
1077 1703 1201 1786 scriptis
1224 1709 1372 1770 teste-10

200 1822 314 1887 mentis
337 1821 520 1904 intellegere
542 1828 683 1907 oportet3
706 1822 734 1887 si
756 1820 826 1904 quis
848 1829 952 1888 autem
976 1823 1043 1888 sine
1070 1823 1195 1905 scriptis
1224 1829 1320 1888 testa·

199 1948 337 2007 mentum
353 1942 498 2008 ordinare
515 1941 649 2008 uoluerit
673 1942 755 2026 (iure
770 1959 880 2022 nempe
895 1941 997 2021 eiuili;
1019 1947 1145 2024 praetor
1167 1942 1248 2008 enim
1271 1948 1320 2007 ut·

201 2066 274 2144 pote
296 2062 351 2142 qui
373 2061 464 2144 signa
485 2081 607 2145 semper
629 2062 769 2142 requirat
790 2063 857 2128 siue
879 2063 1004 2144 scriptis
1020 2066 1241 2128 testamentum
1257 2079 1319 2128 non

198 2182 362 2264 admittit),
386 2184 414 2248 si
436 2183 654 2264 praesentibus
680 2187 800 2264 septem
829 2182 962 2247 testibus
991 2182 1149 2263 propriam
1177 2180 1321 2247 uolunta·

199 2309 262 2368 tem
286 2321 389 2368 coram
414 2304 459 2367 eis
483 2303 726 2384 nuncupauerit,
753 2301 925 2384 perfectum
956 2300 1156 2382 ualidumque
1185 2319 1222 2366 en
1249 2301 1318 2364 iure
1339 2311 1371 2363 1⁶

199 2420 282 2487 ciuili
306 2421 459 2487 eiusmodi
482 2423 702 2487 testamentum
726 2421 796 2487 erit.

430 3033 475 3098 De
498 3032 624 3097 militari
647 3037 843 3098 testamento.
887 3032 1011 3098 Titulus
1035 3035 1084 3096 ll.

284 3215 436 3300 Superius
468 3217 689 3300 proposuimus
722 3219 877 3301 quomodo
913 3225 1103 3284 testamenta
1140 3218 1205 3284 siut
1236 3220 1318 3285 ordi-

198 3339 311 3403 nanda.
359 3344 408 3402 set
430 3341 519 3402 tanta
546 3335 598 3402 illa
630 3337 807 3402 obseruatio
836 3335 1019 3419 suptilitatis
1048 3339 1139 3418 plena
1164 3337 1197 3402 in
1225 3355 1319 3419 paga·

198 3477 308 3524 norum
331 3458 526 3523 testamentis
549 3456 725 3535 adhibetur,
748 3456 780 3522 in
803 3455 990 3521 militaribus
1017 3462 1122 3520 autem
1152 3461 1319 3524 testamen·

198 3577 239 3641 tis
261 3578 361 3644 omnia
384 3578 461 3643 haec
478 3575 566 3642 «ratio
595 3583 642 3642 est
669 3576 808 3641 remissa.
859 3575 1043 3657 permissum
1071 3580 1120 3640 est
1148 3575 1228 3640 enim
1258 3575 1318 3641 illis
1336 3584 1371 3636 20

200 3714 238 3760 ex
259 3696 534 3762 constitutionibus
553 3700 681 3777 propter
703 3693 781 3759 iuris
808 3693 995 3775 imperitiam
1022 3693 1101 3759 citra
1130 3694 1317 3761 sollemnita-

202 3823 264 3879 tem
287 3818 405 3881 testari.
432 3816 538 3898 itaque
553 3815 580 3879 si
602 3814 653 3879 uel
675 3832 737 3880 uno
760 3819 841 3879 teste
862 3819 1026 3896 praesente
1049 3813 1157 3878 testati
1171 3814 1244 3892 sint,
1268 3813 1318 3879 uel

202 3933 229 3997 si
250 3935 374 4000 heredis
396 3953 507 4001 nomen
535 3937 662 4017 propria
688 3953 783 4000 manu
812 3953 872 4001 non
900 3935 1097 4017 scripserint,
1127 3951 1237 4000 eorum
1264 3952 1318 4000 uo·
