2990 4884
544 407 757 470 ..94-

64 609 84 657 s.
98 591 207 658 tionem
244 591 400 660 admittet
449 590 699 682 compotores
733 597 855 660 tutores
889 607 963 660 snos
991 611 1053 660 non
1081 603 1215 676 possunt

98 715 251 792 suspectos
271 707 451 793 postulare3
475 711 612 793 puberes
633 717 739 778 autem
761 717 924 778 curatores
953 729 990 777 ex
1012 711 1142 779 oonsilio
1164 732 1213 780 ne·

97 825 304 908 essedorum,
327 827 430 895 ueluti
451 834 654 914 cognatorum
677 834 772 911 atque
794 848 851 912 per
871 827 1066 896 adfinitatem
1088 832 1215 899 coniun-

96 952 226 1023 storum¹
253 953 416 1030 suspectos
436 953 590 1031 arguent,
620 953 653 1016 et
674 949 719 1014 ita
746 945 884 1016 Sensum
905 953 938 1015 et
964 947 1141 1016 Antoninus
1168 970 1215 1016 re·

62 1066 82 1115 ⁵·
96 1063 293 1148 scripserunt
325 1067 357 1130 5.
382 1063 557 1147 Suspectus
578 1070 630 1134 est
650 1072 757 1134 aotam
778 1067 833 1150 qui
854 1085 916 1134 noa
938 1085 977 1134 ex
997 1065 1060 1134 tide
1082 1069 1213 1138 tutelam
1250 1073 1267 1124 ⁵

95 1183 177 1264 gerit,
198 1185 274 1251 lieet
288 1184 438 1250 soluendo
460 1186 530 1265 esto
552 1183 584 1249 id
606 1183 689 1251 enim
712 1181 834 1251 Iuliano
849 1185 978 1267 placuit
1001 1193 1050 1252 set
1072 1192 1109 1252 et
1126 1193 1213 1254 ante-

95 1317 180 1383 quem
201 1302 335 1384 incipiat
355 1301 487 1370 ιιιιιιιιιιι
510 1315 621 1401 gerere
643 1309 740 1384 tutor,
768 1321 860 1386 posse
883 1319 953 1371 eun
975 1304 1067 1387 quasi
1088 1321 1213 1387 suspec-

94 1428 153 1487 tom
175 1423 334 1490 remoueri
355 1419 497 1488 Iulianus
518 1427 628 1489 auctor
650 1428 709 1502 est
732 1422 902 1490 secundnm
925 1421 1008 1507 quod
1032 1423 1127 1490 etiam
1143 1443 1214 1492 oon-

61 1541 80 1593 6·
94 1541 235 1609 stitutum
268 1547 325 1608 eet.
380 1543 410 1606 6.
445 1539 506 1621 Qui
534 1548 641 1607 autem
671 1548 707 1606 ιιι
733 1547 898 1625 suspectus
924 1548 1063 1609 remotus
1094 1549 1155 1623 est,
1185 1543 1213 1609 si

93 1662 212 1744 quidem
243 1662 285 1728 ob
311 1661 433 1742 dolum,
461 1660 599 1728 famosus
629 1669 693 1726 est:
721 1663 748 1727 si
776 1662 816 1728 ob
844 1661 983 1743 culpam,
1011 1681 1073 1728 non
1101 1681 1210 1747 aeque.
1234 1675 1265 1725 10

59 1790 79 1841 ι.
93 1783 119 1846 7.
149 1779 310 1861 Quamdiu
342 1780 413 1865 quis
447 1787 483 1847 ut
517 1787 682 1864 suspectus
715 1777 911 1861 postuletur,
945 1782 1047 1863 quoad
1078 1781 1213 1863 cognitio

92 1898 233 1977 finiatur,
255 1895 317 1966 non
344 1900 439 1966 debet
464 1900 765 1973 administrationem
792 1900 965 1983 ottingene:
996 1906 1047 1966 est
1076 1901 1157 1968 enim
1185 1904 1212 1966 ei

59 2018 122 2083 sid
141 2019 358 2098 interdictum,
382 2024 418 2084 ut
439 2017 613 2101 Papiniano
634 2019 738 2085 nisum
758 2024 819 2084 'ast
865 2019 895 2084 8.
929 2015 962 2084 Si
984 2019 1122 2102 suspeoti
1144 2038 1213 2104 cog·

93 2139 164 2210 nitio
185 2145 336 2222 suscepta
357 2139 461 2217 luerit,
485 2144 517 2204 et
539 2138 651 2204 deinde
680 2143 767 2204 tutor
796 2144 851 2204 aut
878 2145 1006 2206 curator
1033 2138 1213 2217 decesserit,

93 2259 285 2342 extinguitur
306 2257 453 2343 cognitio.
481 2259 637 2341 quomodo
659 2257 742 2324 enirn
765 2255 978 2325 remoueoitur
999 2257 1053 2338 qui
1076 2258 1139 2324 iam
1161 2257 1215 2324 de-
1234 2275 1265 2325 ro

59 2382 79 2432 9·
92 2377 213 2444 functus
237 2377 308 2444 est?
344 2379 374 2442 9.
408 2375 441 2442 Si
462 2380 550 2444 tutor
572 2376 622 2443 sui
643 2377 764 2460 copiam
791 2395 852 2442 non
881 2374 978 2442 iaciat
1003 2381 1040 2440 ut
1066 2376 1215 2442 alimenta

92 2496 206 2577 pupillo
230 2497 450 2580 amagistratu
472 2497 692 2574 decernantur,
716 2500 848 2562 mustus
869 2494 1090 2561 constitutione
1104 2492 1214 2560 Seueri

93 2621 121 2680 et
142 2615 294 2682 Antonini
317 2615 406 2682 utin
428 2616 658 2697 possessionem
679 2615 833 2682 bonorum
856 2615 923 2680 eius
947 2614 1092 2679 mittatur
1112 2612 1211 2698 pupil-

91 2733 152 2815 lus;
174 2741 208 2802 et
231 2734 321 2801 bonis
343 2734 460 2800 tutoris
492 2741 619 2801 curator
645 2734 754 2813 detur,
782 2733 838 2816 oui
867 2752 905 2799 ea
934 2732 1105 2810 distrahat,
1132 2751 1215 2816 quae

91 2870 174 2920 mora
196 2853 357 2919 deteriora
378 2853 486 2919 future
507 2853 579 2932 sint,
603 2851 701 2918 ueluti
728 2853 868 2918 iumenta
897 2858 1017 2918 uestem
1047 2858 1080 2919 et
1110 2858 1215 2920 cetera
1231 2861 1266 2912 ao

91 2969 120 3034 id
139 2990 252 3055 genus.
296 2990 372 3055 ergo
393 2979 431 3038 ιιι
452 2977 618 3055 suspectus
644 2972 802 3039 remoueri
830 2977 954 3055 potest,
981 2973 1034 3055 qul
1065 2972 1215 3038 alimento

51 3091 148 3157 1⁰·non
170 3097 325 3174 praestat.
370 3090 419 3154 10.
452 3087 509 3157 Set
530 3093 557 3156 si
580 3091 651 3175 quis
673 3109 822 3173 praesens
845 3093 1011 3172 negauerit
1039 3109 1134 3174 posse
1162 3090 1215 3157 all·

91 3216 192 3278 mento
215 3209 335 3293 pupillo
356 3210 481 3276 decerni
503 3217 635 3294 propter
663 3211 731 3277 eius
753 3209 900 3294 inopiam,
923 3217 956 3277 et
982 3210 1150 3276 mendaces
1173 3210 1216 3273 al-

89 3326 263 3410 legationes
285 3329 354 3394 eius
377 3347 447 3396 asse
469 3338 660 3413 compertum
683 3331 735 3409 sit
758 3329 938 3397 remittetur
960 3329 1001 3394 ad
1022 3327 1215 3410 praefectum

92 3447 160 3514 urbi
182 3448 360 3530 puniendus
380 3448 473 3515 sicuti
495 3456 527 3514 et
548 3447 611 3529 ille,
634 3449 688 3532 qui
710 3449 785 3516 data
806 3452 948 3532 pecunia,
971 3454 1060 3515 tutor
1080 3446 1149 3513 fieri
1165 3466 1215 3514 co·
1232 3462 1265 3514 ae

52 3564 182 3631 1¹·natns
205 3573 264 3632 est.
310 3568 360 3630 ll.
393 3566 541 3634 Libertus
564 3566 592 3633 si
614 3566 832 3634 fraudulenter
852 3568 983 3634 tutelam
1004 3566 1140 3633 filiorum
1164 3564 1215 3633 uel

93 3689 239 3765 nepotum
261 3684 387 3765 patrem
407 3685 544 3765 gessisse
566 3683 727 3768 probetur,
749 3685 790 3751 ad
812 3683 1004 3767 praelectum
1027 3687 1098 3753 urbi
1112 3686 1215 3752 remit

52 3801 84 3864 12.
92 3801 167 3868 titur
200 3803 404 3886 corporaliter
437 3806 623 3887 puniendus.
683 3805 734 3868 12.
767 3805 945 3871 Nouissime
974 3804 1137 3871 sciendum
1167 3811 1216 3870 est
