2990 4884
549 398 760 462 ...γο-

99 605 188 653 nemo
211 594 296 653 extet
317 587 371 667 qui
393 593 581 652 testamento
607 592 693 651 tutor
715 585 808 651 datus
830 586 886 664 sit,
915 593 1040 667 oportet
1060 586 1215 669 legitimos

98 705 118 767 i.
140 725 169 771 e.
193 705 348 788 adgnatos
370 705 500 771 tutelam
522 704 691 786 suscipere,
714 705 769 786 qui
790 722 846 787 per
869 705 968 771 uirilis
990 724 1083 772 sexus
1105 723 1217 787 cogna-

98 825 215 892 tionem
237 826 418 907 iunguntur.
462 831 615 891 uocantur
637 833 742 890 autem
765 825 892 906 adgnati
919 823 1018 890 ueluti
1045 823 1144 892 irater
1165 843 1217 889 eo·

98 945 168 1010 dem
192 951 282 1027 patra
304 954 395 1009 natus
418 946 547 1025 eiusque
569 943 654 1011 filius
676 944 728 1010 uel
750 964 788 1010 er
817 963 853 1010 eo
877 961 982 1024 nepos.
1032 943 1087 1026 qui
1109 950 1215 1009 autem

97 1083 151 1145 per
186 1063 325 1130 feminini
357 1082 450 1131 serus
480 1081 632 1146 personas
658 1064 747 1130 nobis
780 1063 1012 1145 coniunguntur
1048 1081 1108 1128 non
1142 1069 1216 1128 sunt
1250 1064 1266 1114 ⁵

98 1184 228 1265 adgnati
242 1191 291 1250 set
312 1183 448 1250 naturali
469 1184 590 1248 ratione
611 1184 751 1264 cognati3
774 1181 881 1260 itaque
896 1183 1013 1248 amitae
1029 1200 1116 1248 meae
1130 1179 1215 1245 filius

98 1321 157 1368 non
182 1310 232 1368 est
253 1302 329 1368 mihi
350 1303 505 1383 adgnatos
527 1311 576 1368 set
598 1309 749 1384 cognatus
771 1306 804 1366 et
824 1319 882 1383 ego
904 1301 933 1365 ei
961 1309 1111 1382 cognatus
1134 1317 1215 1378 sum,

97 1423 170 1504 quia
203 1419 294 1488 libari
328 1423 427 1503 patris
467 1441 529 1487 non
570 1421 680 1486 matris
720 1419 867 1485 familiam
900 1427 1073 1498 secuntur,
1113 1437 1214 1501 neque

97 1544 202 1608 obstat
224 1543 392 1622 adgnatam
415 1559 484 1606 essa
505 1542 631 1606 amitam
659 1539 825 1621 quominus
855 1540 921 1604 eius
950 1537 1031 1602 filius
1061 1546 1213 1620 cognatus
1325 1574 1327 1580 ¹

97 1663 145 1727 sit.
185 1679 338 1744 quaenam
361 1666 536 1727 astantem
558 1658 676 1728 causa?
697 1658 837 1727 feminini
860 1659 940 1724 enim
962 1676 1055 1724 serus
1078 1674 1213 1738 persona
1233 1665 1264 1715 10

96 1781 310 1846 interueniens
332 1780 546 1861 cognationem
568 1781 745 1861 interrupit
789 1779 960 1861 generatim
982 1784 1087 1842 autem
1110 1777 1215 1842 admo-

97 1898 217 1965 nendus
240 1917 274 1964 es
296 1916 389 1979 quam
411 1900 482 1979 quis
504 1897 718 1982 cognationem
733 1915 853 1964 mecum
874 1896 1056 1979 praesefert
1078 1915 1128 1962 me
1143 1915 1216 1962 ean·

60 2019 166 2087 adem
189 2038 261 2084 cum
284 2037 320 2083 eo
341 2019 466 2084 habere.
500 2019 530 2082 2.
554 2017 652 2084 Sicuti
666 2027 772 2084 autem
787 2019 903 2108 dictum
919 2024 976 2096 est,
999 2016 1085 2082 locus
1099 2018 1216 2099 adgna-

97 2139 137 2203 tis
158 2141 190 2204 in
213 2140 315 2205 tutela
336 2138 372 2204 fit
393 2158 456 2206 non
477 2142 577 2206 solum
599 2142 626 2208 si
648 2151 739 2223 pater
760 2133 981 2206 testamentum
1009 2159 1070 2205 non
1093 2137 1214 2212 fecerit,

98 2260 150 2339 qui
170 2267 298 2342 poterat
320 2267 440 2327 tutores
461 2261 556 2344 dare;
584 2269 633 2326 set
659 2259 753 2327 etiam
782 2262 809 2326 si
836 2269 986 2343 quantum
1015 2258 1056 2323 ad
1083 2258 1214 2324 tutelam
1234 2268 1265 2320 rc

97 2380 233 2462 pertinet
253 2379 422 2445 intestatus
444 2381 627 2460 decesserit;
650 2380 734 2474 quod
756 2380 870 2447 accidit
892 2391 925 2445 et
946 2380 1124 2445 situtorem
1146 2377 1214 2459 qui·

61 2499 164 2565 adem
187 2499 320 2576 dederit,
348 2500 441 2564 datus
470 2507 576 2566 autem
603 2507 677 2566 ante
705 2507 887 2566 testatorem
917 2504 1060 2566 mortuus
1087 2499 1138 2562 sit.
1183 2497 1213 2560 3.

99 2617 152 2684 Set
175 2618 377 2700 adgnationis
405 2618 531 2701 quidem
559 2620 608 2684 ius
635 2620 779 2687 omnibus
806 2618 918 2701 capitis
948 2617 1214 2685 dominationibus

98 2735 279 2821 plerumque
300 2739 481 2822 perimitur3
503 2739 581 2804 iuris
602 2739 683 2805 enim
706 2739 807 2805 ciuilis
829 2740 978 2820 adgnatio
1006 2743 1072 2803 est:
1101 2755 1214 2818 cogna-

98 2857 189 2924 tionis
211 2865 318 2924 autem
339 2857 390 2924 ius
411 2878 474 2928 non
487 2858 631 2926 omnibus
654 2859 763 2942 capitis
793 2860 1058 2926 deminutionibus
1080 2875 1213 2925 commu·
1232 2861 1266 2912 2⁰

99 2984 192 3042 tatur.
236 2978 367 3044 ethaeo
389 2978 491 3043 estin
513 2979 702 3060 adgnatione
723 2979 814 3058 ratio,
837 2980 910 3060 quia
932 2979 1034 3045 ciuilis
1056 2978 1147 3052 ratio,
1168 2977 1216 3041 id-

99 3104 147 3162 est
160 3098 271 3180 capitis
287 3098 467 3177 deminutio,
483 3096 587 3164 ciuilia
601 3099 726 3180 quidem
738 3101 817 3178 iura,
832 3099 915 3166 idest
926 3099 1121 3182 adgnationis
1134 3097 1214 3179 peri·

99 3234 184 3282 merc
203 3225 317 3299 potest,
339 3218 495 3284 naturalia
516 3237 609 3299 uero,
626 3218 717 3294 ⁴idest
737 3219 940 3300 cognationis,
963 3236 1024 3284 non
1046 3219 1165 3298 utique
