3078 4882
616 427 851 492 ..155-

171 614 339 697 expeditus
370 616 536 684 exeram
586 631 660 682 anm·
689 615 775 700 euim
803 615 931 682 dubium
958 618 1043 684 esset
1071 631 1114 682 an
1144 610 1293 692 redirent,

170 732 256 800 facto
277 734 365 817 prins
387 740 589 812 testamento,
617 735 662 801 ita
689 735 720 800 iu
750 732 902 816 praelium
928 732 1065 800 subant
1115 752 1187 800 cnm
1216 733 1294 799 haec

171 852 234 918 d'no
257 872 371 935 genera
393 855 424 920 iu
446 873 506 920 usu
529 860 644 933 essent,
667 852 764 920 fiebat
785 857 823 919 ut
844 853 972 937 quidam
1001 854 1166 919 subitanea
1193 857 1296 919 morte

171 972 309 1056 perculsi
330 974 473 1042 intestati
492 979 699 1053 morerentur,
722 991 823 1056 neque
846 973 927 1040 euim
954 972 1064 1039 calatis
1094 972 1227 1039 comitiis
1249 979 1294 1038 te·

171 1093 252 1158 stari
273 1099 429 1175 poterant,
452 1113 521 1160 com
538 1094 674 1158 nondum
697 1092 852 1160 eiusmodi
865 1091 1059 1158 comitiorum
1076 1092 1142 1159 dies
1157 1092 1293 1170 adesset,
1328 1088 1345 1140 5

171 1233 275 1296 neque
297 1217 469 1295 procinctu,
493 1233 563 1280 cam
586 1213 702 1281 bellum
725 1233 786 1280 uon
808 1215 950 1280 instaret
999 1218 1049 1277 set
1077 1211 1109 1278 iu
1136 1210 1219 1280 bona
1240 1231 1295 1280 ua.-

169 1332 313 1400 letndiue
334 1334 407 1415 quis
428 1342 668 1414 testamentum,
694 1339 804 1416 utpote
831 1351 897 1400 rem
925 1331 999 1398 mali
1021 1331 1142 1410 ominis,
1166 1317 1227 1396 uou
1249 1329 1295 1396 fa·

172 1453 235 1520 cile
255 1460 338 1520 esset
359 1453 537 1536 adgressus.
582 1457 614 1519 et
636 1453 708 1518 ideo
730 1451 942 1518 introductum
965 1458 1014 1517 est
1035 1451 1162 1517 tertium
1185 1467 1293 1533 genus,

172 1573 258 1657 qood
280 1573 397 1640 dictum
420 1581 468 1640 est
488 1591 558 1656 per
580 1591 643 1638 aes
665 1579 703 1638 et
725 1573 883 1655 libram3
912 1569 1009 1638 fiebat
1030 1573 1111 1637 enim
1133 1589 1189 1654 par
1211 1587 1295 1634 man·

172 1691 372 1775 cipatiouem.
394 1692 580 1774 mancipatio
603 1697 652 1758 est
672 1693 856 1775 imaginaria
877 1692 1031 1775 quaedam
1046 1690 1195 1768 uenditio,
1210 1707 1293 1770 quae
1312 1693 1346 1745 10

171 1831 232 1896 per
253 1813 335 1877 huuc
357 1812 483 1877 modum
505 1812 703 1894 procedebat.
755 1811 888 1878 aderant
913 1810 1050 1893 quinque
1077 1813 1174 1876 testes
1202 1814 1235 1874 et
1259 1806 1296 1872 li-

172 1932 311 2012 bripens,
334 1933 419 1997 ciues
441 1932 560 1997 romani
583 1932 726 2014 puberes,
748 1928 851 2014 iisque
873 1929 1100 2010 praesentibus,
1122 1929 1177 2010 qui
1198 1934 1296 1994 testa·

172 2052 257 2116 toris
283 2069 446 2117 successor
469 2050 605 2119 viuturus
630 2057 713 2129 crat,
745 2050 868 2116 emebat
903 2049 1046 2115 morituri
1080 2049 1163 2115 bona
1197 2049 1296 2116 uerba

171 2171 334 2236 sollemnia
349 2170 518 2252 proferens,
533 2187 615 2250 quae
628 2188 711 2236 nuuc
725 2175 868 2250 repetere
882 2186 1111 2251 superuacuum
1123 2174 1172 2234 est
1187 2169 1294 2234 dabat·

172 2308 235 2373 que
256 2275 380 2355 uomina
401 2289 496 2372 pretii
510 2289 685 2374 imaginarii
700 2308 859 2354 nummum
876 2309 971 2355 unum
993 2290 1120 2354 domiue
1142 2288 1294 2354 bonorum
1315 2296 1346 2347 15

172 2416 206 2475 et
228 2409 391 2476 dicebatur
413 2411 466 2490 qui
490 2411 612 2476 emebat
634 2409 806 2476 familiae
828 2415 987 2489 emptor.
1032 2406 1146 2474 deiude
1167 2407 1297 2471 moritu·

172 2547 228 2595 rus
252 2528 439 2612 disponebat
460 2528 537 2612 quid
558 2536 741 2612 postauam
765 2534 896 2595 mortem
925 2527 993 2594 dari
1015 2532 1190 2608 oporteret,
1215 2525 1297 2590 dice·

174 2651 232 2716 bat
255 2651 337 2716 enim
359 2648 499 2716 familiae
521 2650 667 2730 emptori:
689 2649 762 2714 huic
784 2648 914 2715 fundum
937 2648 1005 2714 dari
1027 2647 1113 2726 uolo,
1139 2645 1213 2713 huia
1243 2645 1296 2710 do·

172 2785 269 2846 mum,
292 2767 365 2836 heic
387 2787 500 2834 aureos
521 2773 655 2834 eentum.
698 2768 757 2834 hoa
779 2773 884 2834 autem
911 2767 1091 2834 testamenti
1117 2784 1231 2848 genera
1252 2765 1298 2830 iu·

172 2888 329 2968 troducto,
353 2888 415 2955 duo
437 2887 492 2954 illa
514 2907 631 2969 genera
652 2887 798 2955 calatia
821 2887 1001 2953 comitiis
1023 2905 1060 2954 ac
1088 2887 1348 2968 procinctum

172 3008 269 3090 longo
292 3011 353 3074 iam
376 3009 489 3076 abhinc
510 3015 652 3092 tempore
673 3009 705 3073 iu
729 3007 967 3074 desuetudinem
995 3006 1157 3084 abierunt,
1185 3009 1217 3071 et
1238 3005 1296 3070 hoe

173 3147 246 3210 per
266 3145 334 3194 aes
357 3134 394 3193 et
415 3126 559 3194 libram
586 3123 726 3210 paullum
756 3132 911 3191 mutatum
934 3131 992 3192 est.
1049 3143 1119 3190 eum
1150 3122 1233 3189 euim
1255 3121 1298 3187 ia·

173 3245 280 3312 miliae
303 3253 425 3330 emptor
447 3245 514 3328 ipse
537 3253 570 3312 et
591 3245 682 3312 heres
705 3252 798 3324 esset,
820 3245 882 3311 iam
904 3246 1020 3310 certior
1049 3242 1150 3310 factus
1172 3260 1207 3307 se
1229 3259 1298 3306 sne-

173 3383 332 3432 cessorem
354 3365 419 3431 iore
441 3363 579 3430 familiae
601 3366 726 3431 domiuo
747 3364 838 3430 facile
859 3363 1000 3429 insidiari
1015 3367 1148 3443 poterat.
1172 3365 1298 3442 propte·

174 3503 231 3552 rea
252 3485 424 3550 secuudum
439 3490 586 3550 vueterem
607 3483 739 3550 termam
761 3484 920 3549 adbibitus
942 3490 990 3548 est
1009 3480 1144 3546 familiae
1166 3484 1296 3562 emptor,
1314 3494 1349 3547 ao

174 3605 229 3686 qni
261 3622 319 3686 per
339 3604 557 3688 imaginariam
580 3603 792 3670 uenditionem
819 3602 964 3670 morituri
993 3600 1140 3666 familiam
1170 3607 1297 3680 emeret,

175 3730 312 3792 testator
333 3730 440 3789 autem
461 3725 590 3807 propria
611 3742 705 3789 mauu
726 3725 757 3788 iu
781 3721 897 3790 tabulis
925 3723 1075 3791 abartaue
1097 3713 1163 3787 eius
1186 3739 1299 3790 nomeu

129 3860 155 3912 a.
175 3845 331 3927 signabat,
355 3861 448 3926 quem
474 3843 534 3909 sibi
561 3843 708 3910 heredem
736 3843 802 3908 iore
832 3841 937 3912 uellet.
990 3843 1020 3906 2.
1054 3841 1110 3908 Set
1137 3838 1299 3924 praedicta
