2990 4884
555 390 781 454 —101-

107 576 222 644 iacere.
268 577 370 661 palum
393 585 442 644 est
469 583 575 644 autem
602 579 759 644 uetustius
786 595 855 644 esse
883 579 1025 644 naturale
1053 578 1117 657 ius,
1144 578 1228 659 quod

107 715 180 763 oum
202 697 271 779 ipso
294 698 428 762 humano
449 715 564 779 genere
591 704 704 763 natura
731 696 883 778 prodidit:
915 695 1021 762 ciuilia
1048 695 1132 762 euim
1158 697 1228 762 inre

106 822 186 882 tunc
209 817 356 882 conantui
378 824 557 898 coeperunt,
581 835 649 882 cum
674 824 705 884 et
727 818 872 884 ciuitates
899 818 988 883 condi
1012 823 1044 883 et
1066 815 1228 901 magistra·

60 942 160 1001 rntus
184 935 285 1002 creari
307 943 340 1001 et
359 937 446 1019 leges
467 937 562 1004 scribi
584 944 762 1019 coeperunt.
803 939 852 1000 12.
876 937 975 1004 Ferae
989 936 1088 1018 igitur
1109 935 1229 1002 bestiae

106 1061 139 1121 et
162 1056 308 1121 uolucres
331 1075 448 1122 necnon
472 1063 504 1121 et
530 1058 644 1140 pisces,
675 1057 757 1123 idest
785 1055 890 1122 omnia
918 1055 1064 1122 animalia
1093 1055 1227 1136 quaein
1262 1051 1279 1101 ⁵

106 1181 198 1240 terra
220 1177 298 1239 meri
320 1177 446 1242 caelone
468 1183 648 1253 nascuntur,
672 1178 860 1260 simulatque
875 1177 915 1243 ab
930 1177 1034 1257 aliquo
1049 1181 1142 1258 capta
1164 1175 1228 1241 lue

107 1295 172 1360 rint
195 1295 264 1361 iure
285 1298 424 1377 gentium
447 1297 530 1362 illins
552 1315 620 1363 esee
642 1297 805 1379 incipiunt.
832 1298 916 1377 quod
944 1295 1025 1362 enim
1048 1303 1141 1362 antea
1162 1294 1229 1360 nul·

106 1415 169 1480 lius
193 1416 226 1480 in
249 1415 338 1481 bonis
360 1422 438 1493 erat,
461 1417 493 1481 id
514 1416 649 1482 naturali
671 1418 792 1482 ratione
813 1417 994 1498 occupantis
1016 1414 1059 1480 fic.
1104 1433 1161 1481 nec
1183 1415 1228 1480 in·

106 1541 210 1602 terest
232 1541 337 1601 utrmu
359 1537 442 1603 feras
467 1535 583 1603 bestias
606 1543 637 1602 et
660 1537 802 1603 uolucres
824 1537 894 1620 quis
917 1536 949 1601 in
975 1553 1032 1601 suo
1060 1535 1157 1600 fundo
1180 1551 1229 1599 cu·

105 1655 176 1736 piat
200 1673 240 1719 en
255 1655 286 1720 in
302 1654 432 1720 fundum
447 1656 581 1723 alienum
596 1657 732 1722 uenandi
755 1663 787 1722 et
808 1654 984 1738 aucupandi
1005 1655 1105 1738 gratio
1127 1653 1230 1735 ingre·
1249 1654 1281 1705 1⁰

105 1774 225 1838 dintur.
253 1773 322 1839 iuro
344 1781 447 1839 tumen
463 1792 483 1839 a
497 1774 584 1841 fundi
600 1774 724 1841 domino
744 1774 903 1857 prohiberi
925 1780 1040 1856 potest,
1061 1773 1089 1838 si
1111 1774 1138 1838 is
1160 1791 1230 1855 pro

106 1896 242 1973 uiderit;
254 1903 358 1976 potest
368 1898 448 1963 euim
460 1898 625 1980 prohibere
639 1917 679 1962 ne
690 1899 760 1979 quis
775 1897 807 1961 in
822 1914 914 1964 suum
928 1895 1060 1961 fundum
1077 1893 1231 1976 ingredia·

105 2023 172 2082 tur.
205 2017 356 2098 quidquid
378 2023 483 2083 autem
506 2016 617 2082 horum
639 2016 818 2082 animalium
834 2014 906 2098 quis
927 2015 1054 2097 ceperit,
1078 2033 1115 2079 eo
1129 2031 1229 2096 usque

105 2137 141 2200 in
164 2153 222 2201 suo
251 2136 345 2202 habet
374 2135 528 2214 dominio,
557 2137 655 2202 donec
682 2155 740 2202 sua
767 2136 909 2202 custodia
937 2140 1108 2202 coercetur.
1159 2151 1230 2198 cum

107 2273 189 2321 uero
212 2257 392 2336 occupantis
419 2255 592 2321 custodiam
620 2257 758 2322 euaserit
785 2257 874 2321 etin
903 2255 1077 2320 naturalem
1107 2252 1232 2317 liberta·
1252 2263 1282 2313 lc

108 2384 175 2441 tem
199 2392 234 2439 se
255 2374 419 2456 receperit,
442 2377 474 2440 in
496 2377 563 2441 eius
586 2375 641 2458 qui
663 2383 789 2458 ceperat
810 2374 947 2441 dominio
969 2391 1038 2440 esse
1066 2371 1179 2438 desiuit
1200 2377 1233 2436 el

109 2512 224 2560 rursus
254 2493 434 2576 occupantis
456 2494 501 2560 lit.
549 2496 724 2561 naturalem
753 2499 857 2561 autem
887 2493 1063 2559 libertatem
1094 2493 1231 2572 recipere

109 2613 309 2694 intellegitur
329 2612 443 2692 animal
471 2632 541 2680 cum
568 2614 619 2678 uel
645 2620 769 2679 nostroe
796 2613 903 2680 oculos
932 2612 1091 2694 effugerit,
1122 2611 1172 2677 uel
1199 2611 1230 2678 in

110 2739 283 2815 conspectu
305 2733 430 2817 quidem
453 2733 504 2812 sit,
527 2734 595 2800 aius
618 2752 693 2800 uero
714 2734 889 2815 persecutio
904 2731 1059 2799 difficilior
1080 2733 1130 2797 sit.
1158 2732 1233 2814 quid

111 2855 195 2919 euim
224 2854 251 2917 si
278 2854 310 2918 in
339 2851 525 2920 altissimum
559 2853 610 2920 uel
643 2854 860 2936 eonnegoeum
891 2853 992 2920 locum
1025 2870 1060 2918 se
1092 2851 1232 2935 recepit?
1250 2869 1284 2920 no

62 2992 100 3045 13.
114 2974 164 3038 13.
199 2970 281 3038 Illud
303 2973 478 3053 quaesitum
500 2979 565 3040 est:
589 2991 702 3038 ceruus
725 2972 776 3040 uel
797 2991 874 3053 uper
895 2974 940 3038 ita
967 2991 987 3039 u
1014 2991 1064 3039 me
1090 2973 1232 3039 uulnera·

110 3099 166 3159 tus
182 3099 240 3169 est,
262 3098 299 3157 ut
313 3091 403 3159 facile
416 3093 485 3173 cupi
499 3094 608 3173 possit.
631 3093 757 3173 quidam
773 3093 880 3160 dicunt
895 3093 1001 3159 stetim
1017 3111 1085 3159 eum
1100 3090 1232 3158 bestiam

111 3229 215 3278 meam
236 3211 321 3278 fieri:
344 3211 413 3278 aliis
428 3231 504 3279 uero
518 3211 635 3294 placuit
650 3231 751 3279 meum
766 3213 835 3281 fieri
850 3213 933 3296 quod
948 3211 1179 3279 uulnerauerim
1194 3209 1235 3275 si·

111 3329 178 3398 mul
193 3337 288 3411 atque
303 3331 467 3396 maximum
481 3330 637 3398 intulerim
652 3332 785 3414 plagam,
797 3352 834 3400 eo
850 3350 949 3413 usque
960 3350 1035 3399 uero
1046 3336 1168 3397 tantum
1180 3327 1234 3394 do·

111 3469 169 3518 nec
185 3450 318 3518 bestiam
332 3466 516 3533 persequar:
532 3451 644 3534 quodsi
658 3453 802 3536 persequi
819 3450 974 3532 desierim,
990 3467 1090 3518 meam
1102 3468 1171 3518 ease
1182 3451 1234 3517 de
1251 3447 1285 3499 2⁵
