3058 4890
597 439 856 515 -2312

153 627 259 694 Titio
289 627 484 696 anreoed
518 627 606 710 lego
639 629 672 693 ai
705 647 786 695 oum
820 627 935 696 illiue
967 649 1085 698 uxore
1117 632 1277 700 aduite-

153 747 257 813 rium
285 748 446 828 fecerit3
480 747 518 812 ni
543 746 696 814 iecerit
730 745 859 815 Primo
892 748 1045 817 eosdem
1077 749 1176 832 lego.
1226 752 1277 818 hio

155 867 236 934 enim
260 882 384 951 quoqne
406 861 508 934 Titius
530 870 671 949 accipiet.
716 868 766 935 uel
787 870 835 936 ita
858 869 973 938 dicam:
1003 867 1113 936 Titio
1135 889 1276 939 aureos

155 983 296 1072 Olego
317 986 352 1053 si
372 993 535 1054 matrem
562 1007 666 1054 suam
696 989 1006 1084 uerberauerit‚
1034 989 1114 1056 nisi
1140 991 1276 1060 Titine

154 1114 319 1175 matrem
342 1125 447 1173 suam
468 1108 762 1187 perhorruerit,
794 1107 818 1174 O
849 1126 990 1175 aureos
1018 1107 1148 1175 Primo
1175 1111 1274 1193 lego.
1310 1119 1327 1170 o

153 1229 206 1294 nel
228 1230 322 1294 etiam
344 1225 480 1293 adimam
503 1228 561 1295 hoo
583 1228 691 1294 modo:
714 1229 792 1294 nisi
819 1230 855 1294 in
882 1225 1032 1296 ooelnm
1060 1229 1276 1299 adscende·

153 1349 227 1428 rit,
254 1367 323 1416 neo
350 1347 464 1415 illins
491 1365 648 1414 uxorem
677 1348 914 1415 moechatus
943 1347 1072 1414 inerit
1104 1365 1175 1417 net
1200 1369 1276 1416 mo·

153 1476 253 1536 trem
276 1485 379 1535 enam
400 1468 696 1542 perhorruerit,
719 1469 755 1532 ei
777 1485 920 1534 aureos
943 1467 968 1533 O
990 1485 1065 1533 non
1087 1469 1185 1552 lego.
1229 1469 1274 1536 in·

155 1589 242 1659 utilis
271 1593 353 1658 enim
379 1591 536 1673 ademptio
564 1595 613 1657 est
640 1588 734 1656 sicuti
764 1590 796 1654 in
819 1587 981 1672 superiore
1002 1607 1077 1656 casu
1098 1589 1274 1656 translatio.

153 1711 203 1777 sin
225 1717 330 1777 autem
352 1730 454 1793 neque
475 1710 678 1792 impossibilia
699 1709 772 1774 sunt
799 1728 881 1791 quae
902 1708 1054 1792 legatario
1076 1710 1274 1788 mandantur,
1296 1709 1327 1761 10

153 1847 256 1912 neque
277 1829 398 1911 legibus
420 1830 595 1906 interdieta,
618 1845 719 1910 neque
740 1829 907 1908 iniuriosa,
934 1846 1015 1911 qnae
1043 1831 1196 1912 probrosa
1221 1847 1276 1894 no-

154 1950 220 2018 oori
249 1949 367 2029 solent,
394 1954 469 2016 tuno
490 1967 610 2030 poenae
631 1947 756 2015 nomine
778 1947 864 2014 idota
890 1947 976 2014 datio
1004 1955 1036 2016 ot
1062 1947 1220 2032 ademptio
1243 1953 1275 2016 ot

153 2069 317 2136 translatio
338 2071 434 2136 ualet.

358 2684 404 2750 De
425 2683 624 2765 ademptione
645 2684 829 2766 legatorum.
871 2680 995 2747 'iitnlue
1018 2681 1069 2745 21.

239 2869 359 2952 Legata
385 2867 525 2936 adimere
553 2870 621 2935 sine
649 2868 772 2950 inipso
801 2872 1006 2947 testamento,
1036 2867 1104 2933 siue
1130 2867 1162 2933 in
1191 2866 1273 2934 codi-

154 2988 232 3057 cillis
254 3007 430 3072 possumus,
453 3008 554 3072 neque
576 2989 708 3055 interest
729 2994 833 3055 utrum
855 2987 1022 3054 contrariis
1045 2987 1150 3052 uerbis
1169 2988 1274 3052 odem·
1293 3002 1324 3055 15

154 3111 219 3194 ptio
249 3108 322 3190 fiat,
352 3129 392 3174 an
422 3109 491 3174 aliis
519 3109 774 3192 quibuscumque.
827 3107 954 3173 namsi
983 3105 1130 3172 dixerim:
1167 3104 1272 3172 Titio

154 3247 297 3296 aureos
320 3227 345 3293 Ο
365 3201 413 3294 do
434 3229 543 3312 lego,
580 3228 693 3294 deinde
720 3228 752 3294 in
779 3227 847 3310 ipso
877 3231 1066 3294 testamento
1096 3223 1147 3291 ael
1167 3223 1201 3290 in
1223 3241 1273 3290 oo·
