3038 4884
593 417 804 486 ..34-

135 612 245 672 autem
275 611 348 690 pust
375 624 490 673 sunum
516 603 609 672 XVII
638 606 670 672 id
698 604 801 674 Iacere
826 606 951 690 poterit
1004 624 1075 673 sum
1102 605 1184 672 euim
1206 621 1261 672 sex

134 724 213 790 anni
234 725 276 792 ab
297 743 380 793 anuo
401 725 672 810 quattuordecimo
699 728 739 791 nd
769 725 973 793 uicensimum
1000 743 1100 808 nsque
1127 724 1261 806 cumple-

133 852 204 912 tum
242 847 327 924 sint,
365 845 509 929 princeps
556 849 587 912 in
634 847 790 929 prioribus
829 847 930 914 tribus
967 847 1057 912 anuis
1095 847 1135 912 ad
1167 841 1261 911 XVII

136 983 238 1048 usqua
259 961 341 1047 legis
363 963 470 1034 Aeliae
497 964 624 1032 Sentiae
651 966 906 1048 impedimentum
934 966 1081 1044 retinuit,
1112 971 1183 1047 post
1206 983 1260 1031 an·

136 1103 213 1151 num
235 1103 313 1152 uero
336 1082 426 1151 XVII
448 1083 635 1168 cumpletum
657 1086 689 1152 id
711 1083 780 1152 fieri
800 1084 950 1169 permisit.
1293 1083 1310 1136 5

306 1694 353 1761 De
374 1693 443 1777 legs
464 1692 555 1760 Fufia
577 1693 709 1760 Caminia
731 1691 864 1762 sublata.
909 1693 1031 1762 Titulus
1054 1695 1082 1759 7.

219 1881 292 1948 Lex
314 1880 440 1962 quidem
456 1881 546 1948 Aelia
568 1881 678 1948 Ssutia
699 1882 810 1948 minori
831 1881 890 1946 XX
911 1881 1000 1947 suuis
1023 1899 1149 1948 seruum
1166 1900 1258 1951 suum

132 2002 359 2068 manumittere
382 2018 443 2067 nou
466 2000 677 2081 permittebat.
715 2010 784 2068 erat
804 2001 867 2066 alia
889 2020 1012 2085 quoque
1032 2004 1092 2082 lex,
1115 2020 1196 2084 quae
1219 2003 1258 2069 de

133 2119 439 2186 manumissionibus
472 2121 647 2199 tractabat,
682 2136 763 2200 quae
791 2124 910 2187 certum
940 2121 1065 2187 modum
1094 2141 1258 2190 seruorum

133 2255 229 2304 manu
241 2240 464 2305 mittendorum
479 2238 512 2304 in
529 2244 715 2306 testamento
731 2240 950 2306 substituebat.
972 2239 1053 2307 bane
1067 2258 1142 2307 uero
1157 2240 1257 2324 legem

134 2358 298 2440 piissimus
313 2359 458 2439 princeps
473 2364 589 2437 noster,
612 2361 722 2441 utpote
744 2358 882 2424 libertati
905 2359 1106 2441 contrariam,
1128 2360 1257 2441 eiusque
1276 2360 1309 2412 10

134 2478 255 2542 dationi
279 2478 510 2559 quodammodo
533 2479 672 2544 inuidam
694 2497 753 2543 sua
779 2479 1001 2545 constitutions
1028 2479 1168 2546 sustulit.
1212 2480 1257 2544 in·

131 2596 306 2662 humanum
328 2599 410 2662 enim
433 2615 502 2663 esse
531 2597 654 2664 censuit
683 2599 773 2665 uiuus
802 2599 928 2681 quidem
957 2598 1114 2666 libentium
1143 2598 1258 2666 habers

133 2734 242 2782 omnes
265 2735 376 2783 seruus
398 2734 474 2782 suos
501 2715 757 2792 manumittendi,
785 2716 846 2784 nisi
876 2737 956 2800 quae
983 2735 1078 2784 causa
1107 2718 1259 2802 impediat

133 2835 325 2916 libertatem,
350 2833 449 2903 ueluti
473 2835 501 2903 si
523 2837 732 2903 manumissor
753 2837 844 2902 annis
865 2837 924 2903 XX
946 2837 1048 2904 mium
1074 2837 1129 2918 sit,
1156 2838 1208 2904 uel
1230 2836 1258 2903 si

131 2955 164 3019 in
187 2955 333 3021 fraudem
356 2957 548 3043 creditorum
570 2957 662 3022 detur
684 2956 828 3036 libertam
849 2957 1053 3024 morientibus
1068 2961 1173 3024 autam
1195 2975 1256 3023 nou
1277 2975 1308 3027 15

131 3074 264 3141 concedi
287 3092 398 3140 seruos
422 3092 495 3141 suos
518 3074 585 3140 sine
608 3074 829 3156 impedimento
851 3078 1080 3143 manumittere.
