2990 4884
564 425 795 496 -105-

73 634 110 686 ar.
120 615 171 678 21.
206 612 239 680 Si
261 633 337 682 uero
359 631 433 696 pers
455 631 537 702 quae
558 633 596 682 ex
623 619 678 682 tuo
705 613 834 697 praedio
861 614 1002 682 detracta
1031 619 1079 682 est
1107 613 1236 682 arbores

117 734 273 813 hebuedt,
296 739 329 801 et
350 753 419 800 meo
440 735 572 817 appulsa
594 732 722 816 praedio
737 733 877 816 longiore
891 738 1031 814 tempore
1046 731 1075 801 ei
1089 729 1237 826 haeseritl

118 855 310 937 arboresque
332 871 411 934 ques
433 867 538 920 secum
561 851 701 930 traxerit,
725 871 800 920 suas
830 852 1027 919 extenderint
1048 853 1170 920 radices
1191 852 1237 917 ite

118 981 152 1038 ut
177 989 280 1038 meum
302 973 495 1057 attingerent
517 971 664 1052 fundum,
687 990 725 1040 ex
754 992 791 1040 eo
820 979 960 1053 tempore
987 972 1133 1038 uidentur
1159 963 1237 1036 mihi

118 1093 296 1175 adquisitae
312 1113 349 1159 ex
364 1113 426 1176 quo
442 1093 602 1176 coeperint
623 1113 660 1159 ex
682 1112 751 1159 mea
772 1099 858 1160 terra
879 1091 1002 1171 nutriri,
1025 1097 1133 1174 utpote
1156 1108 1237 1173 quae
1269 1100 1287 1152 n

72 1223 107 1276 m.
117 1210 147 1276 in
173 1229 244 1277 mea
266 1219 351 1278 terra
373 1211 494 1278 radices
515 1211 690 1278 habuerint.
729 1212 779 1276 22.
813 1209 952 1278 Insulam
973 1209 1059 1278 nasei
1080 1209 1112 1275 in
1135 1210 1237 1277 medio

117 1331 198 1396 meri
221 1331 352 1414 contigit
374 1331 471 1414 (quod
493 1350 566 1397 raro
588 1332 729 1398 accidere
749 1331 856 1414 solet):
879 1331 1060 1414 occupantis
1075 1329 1177 1396 insula
1190 1327 1236 1408 iit,

116 1451 234 1518 nntlins
257 1453 336 1517 enim
361 1470 431 1518 cum
453 1459 547 1518 antea
569 1457 665 1530 esset,
694 1469 777 1516 nunc
805 1450 915 1534 incipit
941 1451 1071 1516 alienius
1092 1451 1124 1516 in
1146 1449 1237 1516 bonis

117 1589 197 1637 csse.
242 1576 278 1636 at
298 1570 331 1636 in
353 1568 481 1637 flumine
507 1575 582 1636 nata
610 1569 803 1654 (frequenter
830 1569 862 1635 id
890 1570 1028 1653 accidit),
1056 1569 1083 1635 si
1109 1565 1236 1649 quidem

118 1689 252 1756 mediam
275 1695 397 1770 partem
419 1688 553 1755 fluminis
576 1695 691 1769 teneat,
714 1690 884 1757 communis
908 1695 957 1755 est
978 1707 1095 1768 eorum,
1117 1689 1170 1770 qni
1197 1689 1236 1755 ab
1257 1704 1289 1758 10

119 1816 256 1892 utreque
288 1815 379 1891 perte
410 1807 547 1876 fluminis
579 1827 676 1892 prope
708 1810 807 1892 ripam
835 1807 965 1892 praedia
992 1789 1152 1891 possident
1179 1827 1237 1891 pro

119 1930 216 1996 modo
239 1929 414 1996 latitudinis
437 1931 600 2012 utriusque
622 1931 710 2011 ripae
730 1947 886 2011 agrorum,
910 1947 991 2011 qnae
1012 1930 1081 2012 agri
1101 1903 1238 1996 latitudo

117 2069 216 2132 prope
241 2049 343 2130 ripam
371 2049 420 2115 sit
466 2055 502 2116 ut
524 2067 595 2116 ecce
622 2049 800 2116 extenditur
827 2068 865 2116 ea
892 2049 995 2115 insula
1020 2049 1109 2116 uerbi
1136 2050 1238 2132 gretia

118 2186 220 2251 usque
248 2169 289 2234 ad
315 2171 411 2250 pedes
440 2167 481 2249 0;
509 2167 672 2252 praedium
700 2187 777 2235 uero
805 2169 872 2236 eius
899 2169 954 2251 qui
975 2187 995 2236 e
1017 2169 1127 2234 dextra
1148 2176 1238 2250 parte

117 2286 255 2354 fluminis
294 2295 343 2356 est
377 2289 417 2353 ad
454 2287 479 2353 O
507 2305 608 2371 usque
640 2289 735 2369 pedes
763 2291 793 2353 in
826 2289 1022 2354 latitudinem
1054 2286 1288 2370 porrigitur31s

117 2409 184 2474 eius
207 2425 284 2474 uero
306 2409 360 2491 qui
382 2428 400 2474 a
422 2408 551 2474 sinistra
573 2415 663 2491 parte
693 2415 742 2475 est
767 2409 927 2491 praedium
957 2409 997 2473 ad
1024 2402 1109 2472 LXX
1138 2424 1238 2489 usque

116 2525 213 2608 pedes
237 2528 428 2593 extenditur:
451 2527 542 2594 alteri
565 2527 727 2611 usquead
750 2523 903 2610 Opedum
918 2527 1123 2604 latitudinem,
1147 2527 1238 2593 alteri

118 2664 219 2729 usque
241 2647 283 2712 ed
305 2647 391 2712 LXX
411 2665 442 2729 p.
472 2646 593 2713 insulae
616 2645 787 2713 dominium
810 2646 1004 2732 adquiretur.
1056 2645 1104 2710 sin
1132 2653 1238 2711 numm

120 2765 225 2832 insula
247 2767 339 2832 alteri
353 2768 436 2849 parti
457 2767 626 2850 proximior
647 2767 698 2842 sit,
720 2767 760 2832 ab
783 2767 882 2832 altera
903 2785 979 2832 uero
1002 2765 1107 2844 distet,
1130 2782 1238 2832 eorum

120 2892 243 2950 tantum
267 2886 337 2964 erit,
361 2886 416 2968 qui
437 2887 477 2952 eb
500 2905 537 2952 ea
559 2893 648 2968 parte
670 2903 767 2968 prope
789 2887 888 2968 ripam
911 2885 1041 2966 praedia
1068 2885 1237 2967 possident.
1256 2895 1291 2946 ac

118 3007 145 3069 si
168 3023 243 3071 uero
266 3001 399 3084 flumen,
427 3007 509 3088 quod
532 3023 633 3070 meum
656 3003 756 3070 effluit
777 3003 923 3084 fundum,
950 3005 1056 3088 atique
1082 3013 1171 3087 parte
1192 3003 1239 3068 di·
1286 3035 1288 3057 t

118 3125 221 3190 uisum
244 3131 278 3191 et
307 3126 338 3190 in
366 3124 428 3192 duo
455 3126 586 3192 scissum
615 3140 717 3192 meum
745 3124 876 3192 fundum
903 3123 1074 3190 circumdet
1090 3131 1132 3212 ⁸et
1156 3121 1239 3188 inira

117 3243 160 3309 ad
187 3263 256 3311 sese
283 3243 418 3311 refluens
438 3245 577 3323 unietur,
601 3243 783 3326 mediusque
805 3243 891 3310 locus
913 3245 944 3309 in
966 3243 1098 3308 formam
1120 3243 1239 3309 insulae

118 3363 298 3447 redigatur,
329 3382 431 3432 meum
454 3371 559 3430 menet
586 3363 715 3432 fundum
738 3363 962 3430 circumdatum
988 3362 1091 3442 aquis,
1115 3379 1184 3428 cum
1207 3368 1239 3436 et
