3096 4890
608 379 799 445 ...3.-

146 581 205 629 non
228 564 409 646 peccauerit
430 583 531 648 neque
553 585 573 632 a
595 567 729 634 ueritate
751 568 955 635 aberranerit.
993 565 1136 636 similiter
1157 572 1190 634 at
1210 567 1270 648 ius,

146 700 207 763 qno
230 703 428 752 romanorum
451 689 552 751 utitur
571 687 696 764 ciuitas,
725 688 775 752 ius
801 687 893 753 ciuile
914 704 1112 752 romanorum
1139 692 1272 754 uocatur

146 823 201 870 seu
225 804 275 870 ius
298 804 392 874 ciuile
413 805 590 885 Quiritium,
611 805 695 872 idest
715 824 776 888 quo
798 806 936 884 Quirites
958 813 1099 872 utuntur.
1138 805 1270 872 Romani

147 928 227 991 enim
251 947 271 994 a
292 927 423 1006 Quirino
444 927 528 994 idest
549 928 681 996 Romulo
708 948 728 995 a
750 925 854 994 Marto
882 933 952 992 sato
980 927 1133 1007 originem
1155 929 1270 994 ducere

146 1045 321 1129 gloriantur
352 1049 485 1132 ideoque
517 1049 655 1129 Quirites
687 1049 830 1114 audiunt.
884 1049 1029 1131 quotiens
1062 1053 1166 1114 autem
1198 1050 1269 1132 quis
1304 1054 1322 1107 o

146 1166 306 1234 indefinite
332 1169 394 1234 ius
424 1167 550 1236 ciuile
582 1167 676 1246 dicit,
711 1185 772 1234 non
805 1169 924 1234 addens
952 1167 1190 1236 Atheniensium
1218 1168 1270 1237 nel

146 1288 480 1368 Lacedaemoniorum,
503 1307 665 1358 romanum
688 1288 852 1372 significat.
898 1290 990 1357 sicuti
1017 1307 1088 1355 cum
1117 1295 1269 1372 poetam

147 1409 287 1476 diceutes
318 1409 479 1491 proprium
512 1425 624 1474 nomen
659 1426 719 1473 uon
755 1408 914 1488 addimus,
946 1405 1156 1490 significamus
1185 1409 1269 1490 apud

147 1531 285 1597 Graecos
300 1529 480 1609 Homerum,
503 1531 588 1612 apud
602 1531 759 1618 Romanos
773 1536 878 1596 antem
895 1529 1078 1612 Vergilium.
1099 1529 1268 1594 insontem

146 1651 286 1732 gentium
316 1649 400 1716 omni
428 1649 566 1715 hnmano
595 1651 701 1731 generi
730 1667 892 1714 commune
922 1655 987 1724 eat3
1017 1668 1089 1715 nam
1118 1667 1178 1714 usu
1206 1646 1267 1714 axi-
1288 1668 1321 1720 ro

147 1776 239 1852 geute
261 1777 295 1834 et
316 1770 458 1836 humanis
480 1769 722 1837 necessitatibus
742 1770 984 1853 postulantium,
1007 1787 1106 1852 genus
1127 1776 1269 1834 nostrum

146 1889 237 1973 plura
276 1889 335 1955 sibi
379 1891 520 1970 inuenit,
567 1910 623 1957 seu
664 1891 837 1957 constituit.
898 1908 970 1954 nam
1014 1895 1047 1956 et
1082 1887 1164 1956 bolla
1199 1893 1270 1956 orta

147 2018 229 2088 sunt,
253 2009 369 2092 quibus
392 2008 593 2093 captiuitates
615 2019 690 2077 sunt
711 2017 838 2077 secutae
861 2017 958 2093 atque
979 2009 1150 2076 seruitutes
1171 2011 1269 2074 intro·

147 2129 260 2195 ductae
282 2137 365 2204 sunt,
387 2147 468 2212 quae
492 2131 552 2195 iuri
575 2129 712 2196 naturali
738 2138 813 2196 sunt
838 2130 1006 2197 contraria.
1050 2137 1165 2196 natura
1186 2129 1267 2194 enirn

22 2241 23 2246 ’
146 2269 252 2317 omnes
274 2249 414 2316 homiues
436 2250 551 2316 liberos
572 2251 658 2333 gigni
680 2250 778 2317 uouit.
816 2269 854 2317 ex
876 2250 934 2316 hoc
955 2251 1023 2315 iure
1045 2251 1184 2332 sentium
1204 2267 1268 2315 om·
1288 2255 1319 2308 to

145 2391 200 2438 nes
220 2391 301 2455 pene
323 2379 503 2438 contractus
525 2371 698 2439 introducti
719 2379 808 2451 sunt,
831 2378 867 2436 nt
888 2371 1004 2452 emptio
1026 2369 1165 2435 uenditio
1187 2369 1269 2435 loca·

143 2493 187 2559 tio
217 2491 384 2560 conductio
412 2492 546 2560 societas
573 2493 747 2573 depositum
777 2497 919 2557 mutuum
947 2496 979 2555 et
1008 2489 1061 2555 alii
1092 2488 1268 2573 complures

143 2619 334 2680 contractus.

103 2741 120 2793 3
229 2731 261 2797 3.
294 2732 374 2798 Cum
394 2733 526 2816 primam
541 2733 646 2814 legum
661 2734 847 2799 diuisionem
868 2732 1111 2815 exposuerimus,
1134 2748 1267 2813 querum

143 2853 224 2920 aliae
238 2860 313 2918 suut
323 2851 483 2919 naturales
498 2850 578 2919 uliae
592 2851 672 2920 inris
686 2853 836 2935 gentium,
858 2851 939 2917 aliae
954 2852 1078 2917 demum
1092 2849 1171 2915 iuria
1192 2849 1267 2916 cini·
1284 2868 1319 2920 20

142 2973 192 3052 lis,
214 2980 247 3038 et
269 2970 409 3054 singulas
435 2971 664 3052 definierimus,
694 2979 789 3054 atque
815 2973 964 3055 exemplis
992 2971 1267 3044 illustreuerimna

142 3093 182 3158 ad
209 3091 341 3159 alteram
368 3091 474 3178 legum
504 3093 689 3160 diuisionem
717 3093 930 3173 procedamus.
965 3092 1084 3176 Legum
1112 3094 1265 3176 quaedam

142 3221 218 3280 sunt
232 3213 377 3297 scriptae,
391 3213 545 3297 quaedam
561 3231 623 3280 nou
637 3214 784 3296 scriptae.
807 3215 891 3296 leges
907 3220 1012 3281 autem
1035 3215 1170 3297 scriptae
1193 3220 1267 3280 sunt

142 3334 193 3400 lex
214 3334 378 3417 plebiscita
392 3340 521 3401 senatus
543 3333 686 3400 consulta
700 3335 875 3418 principum
896 3335 1013 3418 placita
1028 3335 1265 3417 magistratuum

100 3454 248 3525 aedicto
268 3453 469 3537 prudentium
491 3472 650 3538 responsa.
694 3455 726 3520 4.
747 3455 898 3524 Libenter
919 3474 995 3524 uero
1017 3456 1168 3526 discerem
1190 3464 1267 3540 quot
1283 3479 1318 3534 25

142 3571 207 3639 sint
233 3573 317 3655 apud
342 3573 500 3640 Romanos
528 3573 632 3656 legum
658 3575 835 3643 conditores
872 3581 905 3642 et
940 3577 1068 3660 quinam
1098 3576 1120 3642 ii
1150 3577 1213 3644 siut
1233 3585 1267 3644 et

194 4280 295 4333 'l'lreoplr-
309 4280 422 4323 Antecess·
436 4291 478 4322 τεο.
493 4278 582 4321 Ferriui.
