3078 4882
637 405 865 470 -195-

186 587 290 654 θῆαι»
309 587 439 654 inritum
461 607 630 673 possumus
650 591 822 674 oppetiere,
850 596 950 674 etque
968 591 1238 659 indiscriminatim
1260 591 1311 658 bis

186 709 365 775 nominibus
387 710 445 777 uti.
491 711 561 778 ideo
584 727 660 776 uero
690 709 830 793 singulos
857 709 1064 794 propriosque
1085 709 1311 794 appellationes

185 828 370 907 inuenturos,
394 834 430 894 ut
452 849 491 895 ex
513 830 647 912 propriis
669 829 847 895 nominibus
875 828 989 895 uitium
1019 830 1194 898 subiectum
1222 831 1312 898 intel·

140 947 325 1029 elegentes
353 947 387 1012 id
417 946 521 1013 uitare
547 949 713 1031 possimus.
767 949 796 1012 6.
830 945 887 1014 Set
914 949 976 1013 trio
1005 947 1081 1014 hoec
1108 948 1203 1028 uitio,
1230 965 1311 1030 quoe

186 1066 337 1148 diximus,
366 1065 489 1134 uirilem
519 1065 678 1133 infirment
704 1073 944 1148 testamentum,
980 1068 1174 1152 praetorium
1206 1074 1310 1135 sutem
1344 1067 1363 1119 ὅ

185 1205 248 1253 nou
275 1169 425 1270 tangunt:
453 1193 504 1254 sot
530 1189 613 1254 euim
649 1186 815 1254 ridiculum
842 1193 927 1254 esset
953 1188 1057 1254 disere
1086 1187 1126 1254 do
1154 1189 1312 1270 praetorio

185 1313 376 1376 testamento
389 1327 450 1374 non
466 1326 535 1374 esse
550 1308 582 1373 io
598 1309 668 1375 iure
682 1307 767 1374 ciuili
782 1309 950 1375 eonditum.
974 1305 1029 1373 Set
1043 1325 1101 1373 noo
1120 1308 1222 1389 rumpi
1244 1313 1312 1389 pot-

186 1434 235 1493 est
257 1443 361 1508 neque
382 1429 509 1495 inritum
532 1427 616 1508 fieri,
644 1429 672 1494 si
700 1434 834 1496 testator
861 1447 954 1511 quom
981 1445 1094 1510 possus
1122 1433 1172 1494 est
1199 1426 1310 1509 capitis

186 1547 432 1614 deminutionem
455 1565 568 1614 rursus
590 1547 730 1630 effugiet.
775 1551 902 1631 praetor
930 1549 1012 1613 enim
1040 1547 1102 1612 duo
1129 1546 1207 1611 hoec
1234 1551 1312 1612 tem·

185 1686 264 1749 poro
285 1667 426 1749 inquirit,
450 1669 631 1735 testamenti
653 1668 771 1735 scilicet
798 1667 917 1736 conditi
946 1674 978 1741 et
1004 1667 1124 1732 mortis.
1167 1673 1263 1747 atque
1284 1666 1310 1730 si
1333 1678 1363 1730 ιο

186 1788 329 1854 inueniet
350 1793 484 1868 utroque
512 1793 652 1870 tempore
680 1806 751 1852 eum
781 1761 1138 1852 testamentitootiouem'
1154 1785 1311 1864 habuisse,

187 1907 256 1974 eius
278 1913 381 1974 rutum
404 1907 501 1973 habet
522 1912 754 1984 testamentum,
777 1906 855 1972 nihil
877 1907 1030 1973 curiosius
1052 1906 1091 1972 de
1114 1905 1215 1972 medio
1237 1910 1313 1971 tem·

186 2047 264 2109 pore
285 2028 433 2094 loborans
455 2028 524 2092 siue
546 2025 708 2092 oiuitotem
731 2027 798 2092 siue
813 2025 991 2092 libertatem
1014 2025 1163 2091 omiserit.
1187 2027 1311 2091 omnino

187 2146 321 2213 enimsi
351 2152 471 2228 septem
493 2147 620 2212 testium
644 2146 733 2226 signo
761 2143 908 2227 imposita
934 2150 1024 2222 sunt,
1054 2150 1150 2227 utque
1178 2150 1313 2224 utroquo

187 2273 329 2346 tempore
350 2266 529 2331 testamenti
558 2264 671 2331 habuit
698 2264 866 2330 tortionem
895 2267 949 2347 qui
978 2270 1122 2329 mortuus
1151 2270 1199 2329 est
1228 2265 1312 2345 (erat
1332 2270 1363 2320 ro

187 2403 299 2467 nempe
321 2383 400 2451 ciuis
423 2402 570 2450 romonus
599 2390 632 2449 et
658 2384 913 2466 paterfamilias),
943 2383 1059 2464 soripto
1087 2382 1195 2448 herodi
1218 2382 1312 2447 bono·

187 2523 257 2570 rum
279 2505 507 2587 possessionem
531 2506 743 2569 secundum
771 2502 931 2569 tubulos
958 2501 1132 2584 pollicetur.
1178 2499 1312 2581 quodsi

186 2624 219 2688 in
234 2623 345 2706 capitis
361 2622 573 2689 deminutione
588 2629 730 2689 mortuus
746 2624 797 2701 sit,
821 2620 919 2687 ueluti
934 2622 960 2686 si
976 2640 1046 2687 oum
1069 2637 1139 2686 sese
1160 2620 1314 2700 adrogan-

187 2743 262 2808 dum
282 2741 425 2808 riedisset
454 2719 623 2824 antequem
649 2740 699 2807 sui
727 2741 806 2806 iuris
833 2738 1011 2807 efficeretur
1039 2739 1216 2817 decesserit,
1239 2745 1313 2805 tuno

188 2865 256 2946 ipse
277 2881 402 2944 quoquo
424 2868 550 2943 praetor
572 2860 641 2926 eius
663 2866 886 2926 testamentum
909 2861 1037 2925 inritum
1060 2841 1141 2926 esse
1159 2857 1311 2940 agnoscit,
1330 2863 1364 2917 uo

188 2999 289 3061 neque
311 2983 430 3064 scripto
452 2982 560 3047 heredi
588 2982 741 3047 bonorum
768 2979 995 3064 possessionem
1025 2978 1195 3046 seeundum
1224 2978 1313 3043 tabu·

143 3117 168 3168 7.
186 3101 234 3166 lus
255 3099 430 3183 pollicetur.
454 3102 484 3164 7.
507 3099 586 3166 Cum
608 3100 735 3180 quidam
758 3106 843 3166 esset
856 3105 992 3164 testatus
1007 3105 1102 3181 utque
1124 3103 1313 3164 testamento

190 3220 315 3287 condito
338 3219 582 3301 superuixisset,
606 3218 653 3283 ait
675 3237 709 3284 se
731 3216 815 3284 nolle
836 3218 869 3283 id
898 3218 1032 3299 amplius
1063 3217 1178 3282 ualere.
1228 3214 1313 3280 hisee

187 3339 404 3404 tantummodo
427 3337 534 3403 uerbis
557 3356 618 3402 non
648 3336 826 3402 infirmatur
854 3342 1093 3413 testamentum,
1123 3351 1204 3414 quoe
1232 3334 1314 3397 euim

186 3458 256 3524 iure
278 3455 374 3537 fiunt,
404 3457 474 3523 iure
496 3457 593 3522 etium
622 3456 765 3522 subuerti
794 3456 918 3521 debent.
971 3445 1065 3518 immo
1093 3452 1120 3517 si
1147 3457 1312 3534 postquam
1330 3457 1365 3508 25

186 3581 324 3644 testatus
357 3577 483 3659 quidum
513 3577 555 3641 sit
582 3577 739 3659 posterius
772 3574 975 3658 aggrediatur
1008 3577 1247 3649 testamentum,
1281 3577 1313 3637 et

186 3703 288 3762 morte
310 3702 502 3778 praeuentus
524 3701 580 3761 out
602 3695 795 3777 poenitentia
815 3694 929 3760 duetus
944 3712 1005 3758 non
1021 3691 1172 3775 perficiat,
1195 3710 1233 3757 ex
1248 3690 1314 3754 diui

188 3815 362 3882 Pertinacis
388 3816 613 3882 constitutione
642 3817 729 3896 prius
759 3819 982 3880 testamentum
1012 3813 1107 3878 uolet
1158 3813 1204 3877 sit
1232 3810 1314 3875 eninr

187 3951 250 4001 non
272 3933 364 4000 aliter
386 3932 475 4017 prius
497 3937 720 4000 testamentum
742 3933 803 3998 rite
826 3930 1008 4012 perrectum,
1030 3930 1205 4013 posteriore
1219 3928 1312 4007 tacto,

186 4053 349 4138 infirmari,
378 4055 528 4137 quamsi
562 4058 632 4121 iure
654 4055 823 4151 seeundum
853 4050 1045 4119 conficietur.
1097 4049 1313 4132 imperfectum
1330 4058 1366 4111 30
