3038 4884
591 417 803 481 ..42-

137 611 188 671 tos
210 612 305 671 uocat
327 623 428 688 neque
450 611 609 688 cognatos.
658 606 802 687 cognatio
829 605 911 672 enim
940 579 1021 686 quae
1047 612 1162 673 natura
1189 623 1261 672 con·

137 725 233 808 tingit
254 743 313 808 pro
336 723 434 793 nihilo
455 725 488 790 in
511 724 677 807 adoptione
705 725 849 792 habetur.
894 721 971 792 Cum
1001 725 1077 792 haec
1105 724 1162 792 tibi
1192 743 1261 806 per·

140 851 246 926 specta
270 845 342 923 sint,
366 843 439 910 uide
461 845 536 924 quid
558 845 631 911 inde
653 851 814 927 sequatur.
863 845 1082 928 proposuimus
1110 847 1141 911 in
1172 863 1261 926 supe·

139 966 276 1030 rioribus
308 982 369 1030 non
403 983 526 1046 semper
559 964 659 1031 ciuem
691 983 853 1031 romanum
888 983 1034 1032 romanae
1062 966 1259 1033 coniunctum

135 1085 238 1152 iustas
261 1086 389 1169 nuptias
411 1085 613 1164 contrahere;
635 1092 710 1150 sunt
732 1085 813 1151 enim
835 1084 990 1167 quaedam
1017 1083 1204 1166 prohibitae.
1228 1093 1261 1152 et
1294 1089 1311 1140 ὅ

138 1208 219 1272 inter
242 1211 391 1287 parentes
413 1205 539 1288 quidem
562 1210 595 1271 et
623 1204 740 1271 liberos
762 1206 793 1270 in
822 1203 979 1270 infinitum
1006 1203 1135 1286 nuptiae
1157 1203 1258 1286 prohi-

139 1326 262 1390 bentur.
310 1342 371 1389 non
394 1329 498 1406 potest
523 1323 605 1388 enim
627 1321 699 1403 quis
721 1329 853 1389 matrem
883 1341 972 1390 suam
1001 1328 1058 1388 aut
1079 1324 1182 1389 auiam
1206 1330 1262 1388 aut

138 1441 230 1508 filiam
254 1448 314 1509 aut
335 1448 460 1523 neptem
482 1444 551 1508 siue
572 1442 734 1508 naturales
756 1441 829 1522 sint,
853 1442 922 1508 siue
943 1441 1111 1524 adoptiuae
1133 1461 1260 1510 uxorem

138 1563 263 1641 ducere,
288 1561 364 1628 licet
384 1580 442 1643 per
464 1560 743 1643 emancipationem
773 1561 901 1643 adoptio
928 1562 970 1627 sit
998 1559 1111 1628 soluta.
1156 1562 1262 1644 pristi-

138 1699 210 1745 num
234 1682 321 1746 enim
344 1680 443 1762 patris
465 1680 517 1745 nel
539 1679 593 1744 aui
614 1697 726 1745 nomen
754 1698 837 1745 nuno
858 1697 984 1762 qnoque
1006 1681 1035 1746 ei
1057 1681 1169 1763 pudori
1192 1699 1260 1748 esse
1280 1676 1313 1727 ¹⁰

97 1813 122 1863 a.
139 1800 240 1865 debet
290 1800 318 1862 2.
353 1797 433 1864 Item
463 1799 626 1864 intereas
655 1815 780 1879 qooqtm
807 1815 957 1880 personae
985 1819 1066 1883 quae
1095 1819 1133 1867 en
1163 1805 1262 1868 trans·

140 1937 229 1986 uerso
259 1919 361 2000 gradu
384 1919 577 1999 cognationis
599 1920 771 2001 iunguntur
794 1927 843 1984 est
856 1918 983 2002 aliquod
995 1921 1262 2002 impedimentum,

138 2044 186 2104 set
206 2057 270 2104 non
293 2044 489 2121 perpetuum.
520 2055 596 2105 sane
618 2039 701 2106 enim
722 2039 805 2105 inter
825 2038 955 2106 fratrem
979 2057 1181 2122 sororemque
1208 2033 1285 2106 nu·'

139 2158 221 2238 ptiac
243 2176 308 2222 non
334 2157 524 2237 consistunt,
547 2156 616 2223 siue
639 2177 676 2224 ex
706 2158 816 2224 eodem
846 2165 935 2241 patre
963 2160 1133 2241 eademque
1162 2166 1261 2225 matre

139 2277 203 2343 nati
225 2277 354 2349 fuerint
377 2276 446 2342 siue
467 2277 507 2342 ab
529 2276 681 2344 alterutro
704 2296 821 2344 eorum.
865 2283 914 2344 set
936 2280 963 2344 si
986 2297 1067 2362 quae
1088 2298 1144 2361 per
1166 2277 1261 2362 adop·
1280 2282 1312 2334 15

139 2399 254 2464 tionem
283 2415 374 2463 soror
402 2397 480 2462 mihi
506 2416 575 2463 esse
603 2399 754 2479 coeperit,
782 2400 910 2479 nuptiae
938 2399 1157 2482 impediuntur.
1202 2399 1261 2464 hac

140 2536 212 2583 uero
253 2516 408 2584 dissoluto
445 2535 515 2583 mea
547 2517 628 2582 forte
660 2524 716 2583 aut
747 2518 831 2584 illius
861 2517 1128 2602 emancipatione,
1162 2516 1261 2584 libere

140 2637 371 2702 matrimonium
392 2638 549 2719 procedet.
588 2637 757 2720 adoptione
784 2638 882 2716 enim,
912 2643 1020 2719 utpote
1048 2655 1130 2720 quae
1160 2635 1262 2718 legiti-

139 2773 220 2821 mum
244 2756 290 2822 sit
309 2759 476 2838 negotium,
500 2777 555 2840 per
570 2759 856 2839 emancipationem,
878 2775 959 2839 quae
974 2756 1052 2822 iuris
1069 2757 1170 2826 ciuilis
1186 2776 1262 2840 quo·

139 2893 197 2955 que
219 2885 280 2954 est,
303 2875 464 2955 dissoluta,
487 2876 603 2944 nuum
631 2895 701 2942 cum
730 2897 768 2944 ea
789 2878 923 2960 speciem
953 2878 1076 2944 habebo
1103 2878 1259 2959 cognatio·
1278 2894 1313 2946 no

139 2995 194 3060 nis.
239 2994 315 3062 olim
337 2998 418 3062 enim
441 3015 511 3062 cum
533 3002 666 3078 uterque
688 2994 721 3061 in
744 2995 884 3063 eiusdem
911 2996 1011 3078 patn's
1033 3001 1191 3078 potestate
1214 3013 1262 3062 es·

139 3132 260 3193 semus,
294 3115 462 3198 adgnatam
494 3135 562 3182 eam
598 3122 630 3182 et
659 3121 823 3198 cognatam
852 3117 1062 3200 appellabam3
1092 3116 1262 3198 adoptione

138 3253 213 3300 uero
228 3252 287 3316 per
301 3233 578 3317 emancipationem
593 3236 705 3315 soluta,
728 3237 894 3316 adgnatam
916 3253 983 3301 eam
1005 3255 1067 3300 non
1087 3233 1261 3317 appellabo.

139 3353 265 3436 adoptio
304 3353 385 3418 enim
425 3361 534 3437 utpote
572 3374 653 3438 quae
694 3354 771 3420 iuris
811 3354 912 3421 ciuilis
951 3353 993 3421 sit
1033 3345 1157 3422 ciuilem
1192 3374 1262 3437 cog-

140 3475 295 3540 nationem
319 3476 349 3540 in
372 3492 405 3540 se
421 3474 570 3553 continet,
593 3474 675 3539 idest
696 3474 924 3556 adgnationem.
948 3473 1137 3556 adgnatione
1153 3479 1262 3540 autem
1280 3495 1313 3546 ao

140 3595 262 3661 sublata
285 3596 428 3676 cognatio
450 3612 574 3677 quoque
597 3593 788 3660 dissoluitur.
833 3599 866 3660 et
893 3612 963 3660 cum
992 3612 1061 3660 eam
1091 3593 1263 3676 adgnatam
