3078 4882
681 376 916 441 -187-

237 564 286 628 καὶ
307 561 518 643 ῦπεξσυσίων,
556 564 604 628 καὶ
632 559 670 630 ού
695 563 791 647 μόνον
799 562 825 646 ¹)
855 561 1062 641 ύπεξσυσύων,
1090 561 1166 626 ἀλλὰ
1195 561 1246 625 καλ
1274 557 1370 624 εύωιι

238 665 376 752 ἀνήβων.
399 665 520 748 λέγεται
542 665 579 730 δὲ
593 663 766 750 pupillaria
788 664 823 730 ἐκ
846 669 901 750 τῆς
921 663 1037 750 ήλικίας
1051 663 1109 748 ἐφ’
1124 655 1145 750 ᾖ
1158 665 1207 728 καὶ
1233 661 1370 728 tracta?-

238 763 363 850 zetai2).
420 768 467 830 καὶ
498 766 662 853 δυνάμεθα
691 767 745 852 τὴν
773 764 969 849 pupillarian
999 765 1248 830 ὑποκατάστασιν
1276 763 1368 828 ούτω

239 871 349 932 ποιεῖν·
373 867 472 933 ἔστω
485 893 557 952 μου
580 871 597 932 ό
621 871 702 944 υἱὸς
724 867 988 956 κληρονόμος·
1012 868 1045 931 εἰ
1069 867 1112 931 δὲ
1133 867 1365 950 γενόμενος,

203 986 220 1037 5
239 969 388 1057 ἄνηβος
409 971 638 1059 τελευτήση,
662 969 758 1034 ἔστω
774 968 896 1034 αὐτοῦ
919 969 1368 1056 ύδεῖνακληρονόμος3)

239 1072 287 1134 καὶ
308 1071 362 1137 ἐάν
384 1075 402 1136 ύ
424 1076 495 1148 παῖς
516 1074 683 1158 γενόμενος
704 1071 896 1160 κληρονόμος
918 1071 1039 1159 ἄνηβος
1061 1073 1248 1158 τελευτήση,
1267 1074 1368 1162 χώρα

238 1174 350 1255 γίνεται
372 1179 411 1262 τῇ
433 1176 689 1241 θποκατοιστᾶσει.
735 1173 837 1247 ἔξεστι
866 1172 902 1237 δὲ
928 1173 1014 1258 μῖξαι
1044 1175 1081 1260 τῇ
1108 1173 1283 1262 ρυρίλλοτίᾳ
1307 1177 1369 1261 τὴν

238 1274 406 1360 uulgarian
427 1280 477 1342 καὶ
499 1283 624 1365 ποιήσαι
646 1280 701 1366 τήν
724 1277 894 1364 λεγομένην
914 1275 1288 1360 uulgaropupillarian‚⁴)
1312 1277 1369 1341 οῦ·

239 1400 314 1454 τως·
338 1377 440 1445 ἔστω
460 1405 533 1464 μου
556 1382 574 1444 ό
597 1382 680 1456 υἱὸς
707 1379 974 1467 κληρονόμος,
1006 1378 1075 1443 ἐὰν
1104 1377 1222 1465 δὲμὴ
1254 1380 1369 1466 γένη-

190 1492 222 1544 10
241 1505 299 1546 ται
322 1484 414 1571 (όπερ
437 1483 516 1548 ἐστὶν
539 1483 615 1548 ἴδιον
637 1481 814 1565 uulgarias)
838 1480 858 1567 ή
887 1481 1102 1564 γενόμενος
1131 1479 1281 1566 ἄνηβος
1308 1505 1368 1545 τε·

240 1586 413 1672 λευτήση
437 1587 530 1672 (ὅπερ
552 1585 633 1650 ἐστὶν
649 1585 724 1648 ἴδιον
739 1581 929 1667 pupillarias
944 1583 1242 1666 ἀποκαταστάσεως)
1266 1583 1368 1648 ἔστω

238 1689 353 1776 μουύ
375 1688 483 1752 δεῖνα
507 1679 766 1777 κληρονόμος.
805 1689 886 1770 καὶὸ)
910 1687 939 1752 τί
959 1687 1078 1770 λέγεις;
1101 1687 1368 1774 προετελεύτησεν

240 1792 258 1854 ό
281 1793 352 1867 παῖς
372 1789 428 1854 τοῦ
451 1793 582 1875 πατρὸς·
605 1791 640 1854 ὲκ
662 1795 723 1854 τῶν
745 1791 910 1876 προτέρων
936 1791 1089 1877 ῥημάτων
1113 1793 1130 1852 ό
1153 1792 1368 1856 ῦποκατοίστα-

240 1891 325 1975 τοςθ)
347 1893 461 1975 γίνεται
483 1893 673 1981 κληρονόμος
696 1896 749 1956 τοῦ
771 1892 899 1974 πατρός.
951 1891 1022 1954 ἀλλ’
1050 1893 1079 1957 εἷ
1106 1894 1248 1981 ύπατήρ
1273 1917 1368 1980 προε·

192 1999 223 2052 15
242 1994 430 2082 τελεύτησεν,
452 1995 623 2081 ἀναφανεὶς
645 1995 681 2058 δὲ
704 1995 894 2080 κληρονόμος
916 1995 1019 2068 ύπαῒς
1036 1993 1156 2082 ἄνηβος
1170 1995 1365 2084 ἐτελεύτησε,

238 2096 331 2182 χώρα
354 2096 468 2177 γίνεται
489 2098 527 2182 τῇ
548 2094 723 2182 ρυρίλλυπίᾳ
745 2095 995 2159 ῦποκαταστᾶσει
1025 2095 1086 2159 ἀπὸ
1116 2100 1178 2160 τῶν
1205 2097 1366 2184 δευτέρων

238 2198 389 2283 βημάτων
412 2198 596 2281 καὶγίνεται
618 2199 811 2283 κληρονόμος
840 2197 1136 2286 ύῦποκατᾶστατυς
1165 2198 1201 2263 ού
1232 2198 1289 2264 τοῦ
1310 2223 1367 2263 πα-

243 2301 325 2383 τρὸς,
349 2300 425 2363 ἀλλὰ
448 2299 502 2364 τοῦ
510 2301 534 2382 τ)
558 2300 677 2374 παιδός.
721 2303 812 2363 τοῦτο
836 2299 871 2362 δὲ
894 2299 929 2362 τό
959 2303 1017 2386 τῆς
1037 2299 1230 2383 pupillarias
1252 2303 1368 2366 ὑποκα-

241 2403 424 2477 ταστᾶσεως
446 2403 500 2465 ούκ
522 2404 582 2466 ἀπὸ
605 2403 701 2466 ἰδικοῦ
725 2403 820 2486 νόμου
844 2403 1047 2490 ἐπινενόηται,
1071 2405 1143 2468 ἀλλ’
1166 2407 1204 2478 ἐξ
1216 2406 1367 2492 ἀγράφου

191 2525 225 2576 20
244 2503 411 2592 συνηθείας
442 2506 691 2591 εἰσενήνεκταιῧ)
749 2504 855 2593 ἐπειδή
888 2505 981 2590 γάρδ)
1020 2505 1155 2589 ρόρίλλοί
1189 2507 1280 2584 ἄντες
1312 2507 1368 2572 οῦκ

242 2607 394 2692 ἠδύναντο
417 2607 620 2688 διατίθεσθαι,
644 2609 723 2692 ῦπερ
746 2609 848 2673 αύτιῦν
872 2610 900 2671 οἳ
921 2610 1101 2696 πατέρεςθ)
1125 2608 1291 2674 διετύπουν
1315 2613 1369 2688 τάς

243 2710 406 2796 διαθήκας.
453 2715 480 2774 1.
514 2710 564 2774 Ἐκ
584 2709 640 2775 τοῦ
663 2711 801 2775 τοιούτου
824 2711 958 2798 κινηθεὶς
985 2712 1130 2795 λογισμοῦ
1160 2713 1178 2775 ό
1205 2711 1369 2788 θειότατος
1390 2733 1414 2783 1.

243 2814 331 2898 ήμῶν
362 2813 513 2895 βασιλεὺς
545 2813 728 2899 ὲξεφώνησε
767 2814 905 2886 διάταξιν
939 2815 977 2899 ἣν
1011 2813 1061 2878 καλ
1092 2813 1289 2902 ἐγγραφῆναι
1324 2819 1369 2901 τῷ

244 2914 348 2998 οἷκείφ
371 2915 547 2998 προσέταξε
563 2914 674 2995 ούάἰοί,
690 2915 724 2978 ὲν
740 2913 760 3002 ή
774 2917 923 3001 πρόνοιαν
937 2918 986 2980 καὶ
1001 2914 1054 2980 τοῦ
1074 2917 1214 2982 τοιούτου
1231 2918 1370 3002 θέματος

193 3023 226 3074 25
244 3016 419 3105 ἐποιήσατο.
444 3020 520 3104 φησὶ
542 3021 603 3102 γᾶρ
619 3018 673 3080 ἐόν
697 3039 740 3093 τις
759 3018 940 3103 μεμηνότας
962 3017 1059 3104 ήγουν
1083 3018 1369 3105 παραφρονοῦντας

244 3119 307 3209 ἔχει
322 3121 406 3197 υἱοὺς
420 3120 440 3207 ή
455 3120 629 3207 ἐκγόνουςή
642 3121 851 3208 προεκγόνους
865 3120 1050 3208 ολαςδήποτε
1065 3121 1192 3206 φύσεως
1207 3120 1273 3208 ήῑῑ)
1290 3123 1369 3185 οἰσυ-

245 3222 362 3310 δήποτε
382 3223 522 3308 βαθμοῦ,
544 3223 662 3297 ἐξέστω
685 3220 782 3309 αὐτῷ,
806 3221 833 3286 εἰ
855 3225 903 3286 καὶ
919 3221 981 3286 ελεν
996 3221 1121 3311 ἔφηβοι,
1145 3226 1223 3311 πρὸς
1242 3225 1369 3311 μίμησιν

244 3409 449 3426 ——l—-

279 3533 302 3598 ι)
318 3549 392 3583 -ων
410 3530 448 3584 Μ,
529 3530 552 3596 ²)
569 3529 608 3582 ita
625 3543 676 3584 scr.
693 3528 743 3582 12⁶.
761 3527 803 3582 vi.
821 3529 853 3582 Β
871 3523 1023 3600 ἐφ’ςθκαλ
1040 3545 1087 3596 τρ.
1105 3528 1156 3582 ΙιῙ.
1174 3529 1226 3583 11².
1245 3528 1276 3583 F.
1294 3527 1312 3599 ἣ
1331 3528 1369 3582 Μ.

244 3617 268 3681 ³)
291 3616 316 3668 εἰ
342 3615 373 3668 δὲ
399 3612 500 3685 ἄνηβος
531 3614 681 3684 τελευτήσῃ
710 3611 784 3666 ἔστω
806 3631 851 3677 μοι
879 3612 1052 3685 κληρονόμος
1075 3613 1090 3665 ύ
1115 3610 1227 3683 Πρῖμος.
1273 3615 1300 3667 ελ
1319 3615 1369 3678 μὲν

245 3700 353 3771 ἡβήσας
370 3699 508 3769 ἀπυθᾶνη,
526 3699 701 3768 σβέννυταιή
720 3697 946 3757 ύπυιιατάστασις,
968 3697 993 3749 ελ
1011 3697 1041 3750 δὲ
1058 3697 1154 3766 γενόμ.
1172 3699 1250 3770 κληρ.
1267 3705 1319 3754 cet.
1337 3700 1369 3754 F.

245 3790 270 3851 4)
288 3786 326 3838 M.
345 3785 394 3837 Ll.
413 3784 478 3839 L².:
495 3783 662 3852 βουλγαροπ.
680 3784 730 3837 Ιιθ.
748 3783 791 3839 Vi.
809 3783 855 3838 R·:
872 3783 1009 3851 βοολγαρι
1027 3803 1054 3839 π.
1074 3782 1106 3840 Β.
1190 3786 1213 3852 ⁵)
1232 3785 1258 3839 (l.
1277 3783 1319 3839 Vi.
1338 3785 1370 3838 Β

246 3872 270 3937 ⁶)
287 3871 465 3940 παραγίνεται
482 3871 526 3922 καὶ
542 3871 591 3926 ins.
610 3870 652 3925 vi.
671 3870 703 3925 R.
865 3871 888 3936 7)
906 3869 1123 3940 τελευτήσαντος
1140 3869 1190 3923 ins.
1208 3869 1251 3924 vi.
1269 3869 1319 3926 F1.
1338 3870 1370 3926 Β.

246 3956 270 4023 ⁸)
289 3955 411 4024 εἰσῆκται
427 3955 470 4011 vi.
488 3957 520 4010 Β..
633 3956 657 4024 9)
675 3955 701 4010 d.
719 3953 763 4008 vi.
867 3957 901 4021 10)
919 3955 946 4007 οἱ
964 3974 1025 4009 πατ.
1045 3956 1088 4009 ῦπ.
1108 3957 1168 4009 αὐτ.
1188 3956 1238 4011 Ll.
1257 3955 1308 4011 L'.
1327 3955 1369 4011 R:

248 4039 311 4098 τοῦς
328 4040 450 4110 πατέρας
467 4041 568 4093 δίκαιον
586 4041 717 4112 ἐνομίοθη
737 4041 880 4094 διατυποῦν
899 4040 943 4095 vi.
964 4040 996 4095 R.
1084 4043 1119 4108 ¹¹)
1137 4041 1163 4096 d.
1183 4041 1222 4096 M.
