3078 4882
585 393 818 458 -168-

142 578 287 662 adeptus,
310 579 443 646 alterum
465 579 527 644 iem
550 577 736 646 deseruerit.
759 579 931 646 inualidum
953 587 1059 646 autem
1075 582 1135 648 erit
1157 599 1265 649 eorunm

142 703 375 775 testamentum,
398 698 542 781 quamuis
564 697 645 765 ulter
659 700 768 780 pubes,
791 698 871 766 alter
886 717 1011 781 compos
1028 700 1140 766 mentis
1163 700 1265 766 iactus

141 818 322 885 decesserit.
367 818 393 882 si
415 836 491 884 uero
513 815 650 883 furiosus
673 836 729 899 per
756 818 789 882 id
819 824 943 900 tempus
973 817 1068 886 iaciat
1097 823 1265 884 testamen-

140 943 219 1010 tum,
241 953 304 1017 quo
326 936 431 1003 furere
453 941 565 1016 cessat,
589 937 671 1002 idest
694 937 725 1002 in
752 936 941 1016 interuallis,
972 937 1118 1026 queritur
1146 955 1185 1004 an
1209 957 1265 1004 ua·

139 1052 226 1120 leat?
249 1061 281 1122 et
303 1056 401 1136 magis
424 1061 473 1121 est
495 1061 531 1122 ut
552 1055 693 1120 dicamus
715 1055 833 1120 iustum
849 1073 918 1121 esse
933 1060 1165 1122 testamentum.
1189 1057 1264 1137 quid
1298 1051 1315 1101 ὅ

139 1183 247 1240 autem
276 1175 302 1240 si
331 1175 497 1258 quiscum
526 1179 748 1242 testamentum
774 1175 885 1242 iecerit
911 1173 1015 1240 furere
1048 1175 1200 1256 incipiat?
1232 1177 1264 1242 id

138 1292 258 1358 furoris
291 1293 402 1358 uitium
435 1294 662 1377 supemeniens
690 1299 774 1362 recte
809 1294 925 1360 iactum
953 1299 1175 1360 testamentum
1203 1313 1263 1360 nou

138 1413 289 1496 peremit,
323 1414 416 1479 sicuti
444 1433 544 1498 neque
573 1414 659 1480 aliud
687 1414 848 1495 negotium
875 1412 962 1479 furor
991 1419 1100 1495 postea
1128 1413 1264 1480 interue-

95 1543 118 1591 2.
140 1531 230 1599 niens
253 1532 344 1597 tollit.
389 1533 418 1596 2.
455 1534 566 1614 Neque
589 1534 737 1616 prodigo,
761 1533 811 1599 oui
834 1533 985 1599 bonorum
1010 1551 1137 1599 suorum
1167 1532 1264 1598 admi-

139 1651 288 1716 nistratio
311 1653 557 1729 interdictam,
580 1655 648 1717 iure
671 1652 781 1718 testari
806 1653 994 1718 conceditur.
1040 1658 1264 1718 testamentum
1284 1673 1316 1725 10

138 1777 247 1834 autem
269 1775 343 1836 ante
365 1770 616 1853 prodigalitatem
639 1771 770 1848 factum,
795 1772 877 1836 idest
903 1772 1084 1854 priusquam
1111 1772 1263 1837 bonorum

95 1889 320 1955 ainterdictio
342 1888 406 1966 fiat,
429 1896 533 1955 ratum
556 1899 670 1957 manet.
716 1891 745 1955 3.
781 1891 888 1957 Mutus
911 1897 942 1956 et
965 1891 1080 1956 surdus
1102 1907 1163 1955 non
1185 1907 1264 1956 sem·

138 2026 195 2088 per
217 2007 321 2074 facere
343 2015 563 2075 testamentum
586 2016 727 2091 possunt.
752 2009 882 2102 =utique
911 2010 950 2074 de
977 2028 1013 2074 eo
1042 2009 1136 2074 surdo
1166 2010 1264 2091 loqui-

137 2146 218 2201 mur,
242 2128 296 2208 qui
318 2128 442 2193 omnino
465 2146 526 2194 non
549 2130 709 2206 exaudiat,
733 2148 795 2195 non
817 2130 870 2212 qui
894 2130 985 2194 tarde
1007 2127 1164 2194 exaudiat.
1214 2127 1264 2192 hic

136 2248 221 2312 enirn
242 2248 352 2312 testari
374 2251 486 2328 potest.
529 2254 579 2312 set
600 2247 694 2312 etiam
717 2253 836 2312 mutum
859 2245 947 2311 ilium
969 2245 1179 2327 intellegimus
1202 2263 1262 2310 non
1283 2259 1314 2309 ue

136 2366 191 2446 qui
215 2366 305 2430 tarde
327 2366 485 2448 loquatur,
507 2375 556 2432 set
578 2367 630 2448 qui
652 2366 755 2449 eloqui
777 2365 856 2431 nihil
878 2366 988 2448 possit.
1040 2384 1138 2430 »non
1167 2382 1263 2430 sem·

136 2503 226 2566 per·
252 2490 358 2551 entem
380 2491 509 2568 propter
522 2484 676 2552 eiusmodi
689 2473 824 2551 'causam
847 2483 964 2550 addidi.
988 2485 1113 2565 saepius
1136 2482 1263 2565 quidam

135 2604 298 2669 litteratus
330 2611 361 2668 et
395 2604 537 2669 eruditus
572 2604 707 2686 quadam
735 2603 912 2669 calamitate
941 2601 1034 2684 (uarii
1062 2602 1143 2667 enirn
1170 2617 1262 2666 cesus

136 2728 214 2788 sunt
236 2723 290 2804 qui
313 2723 345 2788 id
368 2721 539 2804 adierant),
562 2723 709 2789 audiendi
736 2721 786 2788 uel
809 2721 954 2805 loquendi
983 2720 1164 2787 facultatem
1187 2721 1263 2784 ami·

136 2843 190 2908 sit.
236 2849 268 2906 et
291 2859 361 2909 cum
383 2843 465 2923 apud
489 2849 613 2909 ueteres
636 2841 790 2910 eiusmodi
813 2841 953 2907 homines
976 2842 1085 2907 testari
1108 2857 1169 2905 uon
1192 2858 1262 2921 pos·
1280 2859 1314 2910 co

135 2969 219 3039 seut,
242 2961 440 3044 promulgata
461 2967 511 3028 est
532 2961 682 3043 principis
705 2961 803 3026 nostri
819 2960 1001 3026 constitutio
1017 2959 1202 3042 permittens
1225 2959 1262 3022 iis

136 3081 194 3164 qui
217 3080 326 3145 morbo
348 3080 427 3146 tales
449 3080 523 3146 iacti
546 3079 610 3145 sint
633 3086 669 3144 ut
690 3079 861 3146 secundum
884 3086 1002 3143 certam
1029 3095 1170 3142 normam
1192 3095 1262 3156 pos·

136 3202 202 3266 sint
224 3200 344 3264 testari.
379 3199 504 3264 modum
527 3203 632 3264 autem
655 3204 751 3278 etque
773 3195 1026 3264 obseruationem
1049 3195 1187 3278 perfecte
1202 3196 1262 3260 col·

136 3322 238 3403 ligere
270 3321 343 3387 licet
371 3321 563 3401 praedictam
591 3320 746 3386 nouellam
784 3318 1037 3385 constitutionem
1064 3314 1202 3397 legenti3
1235 3314 1263 3377 si

137 3458 214 3506 uero
238 3457 307 3504 cum
330 3439 401 3521 quis
423 3444 646 3508 testamentum
661 3437 780 3516 fecerit,
805 3436 984 3516 ualetudine
1000 3434 1080 3499 iorte
1096 3434 1147 3499 uel
1162 3448 1263 3513 poena
1280 3465 1313 3516 25

136 3577 157 3622 a
184 3557 373 3640 magistratu
403 3555 533 3632 indicta,
560 3555 611 3622 uel
633 3555 696 3622 alio
718 3554 860 3637 quolibet
881 3572 956 3620 cusu
978 3558 1084 3616 mutus
1106 3551 1262 3616 snrdnsue

190 4275 293 4326 Thecph.
306 4275 419 4317 Autecoes·
431 4285 474 4317 rec·
489 4272 577 4316 leniri.
