3038 4884
595 402 807 468 ‚35-

261 690 310 756 De
332 693 382 758 bis
404 693 457 775 qui
479 691 530 759 sui
552 693 604 758 nel
626 691 719 758 alieni
741 691 821 758 iuris
843 697 926 758 sunt.
971 693 1094 762 Titulus
1116 695 1146 760 8.

228 879 295 946 Iam
318 881 410 963 plene
439 879 604 961 deprime
633 897 837 962 personarum
868 877 1020 948 diuisione
1049 882 1263 962 meomuimus,

139 999 174 1064 in
198 1016 262 1078 qua
285 997 404 1064 dictum
428 1005 476 1064 est
497 998 656 1064 hominum
679 1001 832 1081 quosdam
858 997 974 1066 liberos
996 1017 1082 1080 esse,
1111 1003 1263 1084 quosdam

140 1135 270 1184 seruos:
300 1117 486 1184 seruitutem
514 1123 618 1182 autem
647 1117 841 1184 indiuiduam
872 1135 950 1196 esse,
974 1137 1043 1184 cum
1072 1117 1202 1186 libertos
1230 1121 1264 1185 in

141 1240 222 1305 duas
256 1238 376 1321 species
409 1239 592 1304 deducatur.
647 1239 815 1305 liberorum
849 1238 931 1304 enim
972 1241 1099 1324 qnidam
1136 1238 1263 1323 ingenui

139 1360 230 1434 sunt,
261 1357 387 1437 quidam
416 1357 572 1422 libertini:
602 1365 634 1423 et
662 1358 838 1440 ingenuitas
869 1360 993 1442 quidem
1016 1360 1180 1426 indiuidua
1203 1365 1262 1438 est,
1297 1359 1314 1410 t

139 1476 327 1558 libertorum
353 1482 457 1542 autem
482 1474 622 1543 condicio
649 1477 721 1542 olim
748 1479 782 1541 ln
804 1477 866 1544 tria
894 1498 1010 1561 genero
1038 1477 1261 1556 deducebatur,

139 1596 217 1678 quie
241 1595 422 1662 libertorum
444 1597 572 1679 quidam
595 1599 680 1663 ciues
703 1596 823 1664 romani
844 1597 970 1679 fiebant,
993 1597 1047 1666 alii
1069 1597 1160 1668 latini
1181 1593 1262 1662 iuni·

139 1715 208 1792 oni,
244 1716 296 1780 alii
326 1716 449 1781 demum
478 1715 626 1782 dediticii.
678 1717 857 1783 addidimus
886 1738 1011 1801 quoque
1046 1719 1261 1786 dediticiorum

137 1835 376 1918 latinorumque
399 1836 610 1903 condicionem
633 1838 776 1919 pluribus
799 1839 1073 1907 constitutionibus
1088 1839 1261 1923 piissimum

139 1957 313 2038 principem
335 1965 476 2021 nostrum
498 1957 671 2038 sustulisse,
697 1958 742 2023 ita
764 1967 800 2023 nt
829 1959 974 2044 deinceps
1004 1979 1100 2026 unum
1122 1965 1206 2026 esset
1226 1959 1263 2024 li·
1282 1973 1314 2024 10

138 2076 302 2141 bertorum
324 2094 424 2157 genus
451 2077 532 2140 sicut
555 2084 587 2141 et
617 2077 832 2159 ingenuorum.
884 2099 967 2146 nunc
996 2080 1034 2145 de
1063 2079 1164 2145 altera
1192 2097 1259 2160 per·

137 2168 301 2261 sonarum
322 2193 477 2260 diuisione
507 2195 718 2278 dispiciamus.
767 2197 925 2262 hominum
961 2197 1043 2263 euim
1072 2198 1198 2279 quidam
1228 2197 1260 2260 in

137 2323 298 2400 potestate
319 2328 394 2382 sunt
415 2316 557 2397 oliorum,
581 2320 708 2400 quidem
731 2317 856 2398 nullius,
879 2319 960 2384 idest
975 2317 1102 2398 quidam
1117 2315 1167 2380 sui
1182 2315 1260 2380 iuris

138 2443 225 2514 sunt,
249 2437 377 2518 quidam
400 2437 503 2501 alieni.
538 2435 703 2503 uideamus
726 2438 822 2518 igitur
844 2439 931 2520 prius
952 2438 992 2504 de
1013 2439 1061 2514 iis,
1084 2437 1137 2518 qni
1160 2434 1260 2500 alieno

137 2557 200 2622 iuri
223 2554 356 2621 subiecti
377 2556 457 2633 siut,
486 2555 561 2619 inde
581 2555 663 2620 enim
691 2556 928 2637 intellegemus,
956 2557 1083 2638 quinam
1113 2555 1161 2620 sui
1183 2555 1260 2620 iuris
1279 2570 1311 2622 15

137 2675 209 2738 sint.
257 2675 445 2756 quicumque
467 2676 547 2738 euim
570 2674 602 2738 in
624 2673 686 2740 illis
709 2693 768 2740 non
792 2677 993 2740 recensentur
1015 2679 1104 2754 patet
1119 2692 1188 2741 esse
1210 2675 1259 2740 sui

137 2795 225 2859 iuris.
271 2801 458 2874 potestatem
482 2802 598 2874 autem,
621 2815 714 2879 quarn
743 2795 847 2877 gruem
870 2793 1113 2880 ὑπεξουσιότητα
1136 2802 1258 2871 uocant,

97 2940 119 2990 1.
137 2916 169 2978 in
197 2931 308 2980 seruos
335 2921 460 2978 nostros
489 2922 546 2979 aot
574 2915 605 2978 in
639 2914 753 2980 liberos
787 2921 912 2980 nostros
945 2914 1104 2980 habemus.
1151 2915 1179 2978 1.
1215 2916 1258 2978 Ac

136 3033 226 3117 prius
249 3033 452 3117 dispiciamus
475 3034 515 3100 de
537 3035 574 3099 iis
597 3036 706 3117 quiin
730 3035 923 3099 dominorum
947 3052 1074 3100 suorum
1102 3037 1259 3115 potestate

135 3159 221 3218 sunt.
266 3156 407 3235 potestas
429 3171 523 3233 quam
545 3154 577 3219 in
606 3171 716 3218 seruos
743 3153 895 3219 babemus
923 3152 1001 3217 iuris
1030 3151 1170 3233 gentium
1199 3155 1256 3214 est.
1275 3157 1311 3209 uo

134 3293 196 3340 non
222 3278 346 3338 tantum
370 3273 452 3338 enim
476 3274 559 3356 apud
582 3274 738 3339 Romanos
769 3292 828 3338 usu
851 3271 951 3351 uenit,
973 3275 1022 3337 set
1050 3270 1144 3337 etiam
1174 3269 1257 3352 apud

133 3394 212 3458 alias
236 3399 360 3474 gentes:
383 3399 416 3458 et
438 3394 516 3458 adeo
539 3411 651 3474 magna
672 3394 749 3459 hoec
770 3399 910 3474 potestas
933 3398 1011 3465 erat,
1040 3399 1076 3455 ut
1098 3390 1183 3455 uitae
1205 3408 1258 3454 ne-

133 3512 243 3592 cisque
265 3513 454 3593 potestatem
477 3509 507 3576 in
532 3530 586 3576 eos
607 3511 803 3588 haberemus,
826 3509 998 3596 liceretque
1020 3508 1110 3576 nobis
1132 3507 1257 3591 impune

134 3649 188 3696 eos
223 3627 410 3696 interficere.
463 3638 495 3695 et
526 3632 743 3711 quodcumque
772 3651 830 3713 per
855 3648 964 3697 seruos
992 3628 1185 3712 adquiritur,
1224 3629 1258 3694 id
