3022 4884
578 415 812 480 -115-

126 607 196 666 tem
219 599 337 666 domini
357 617 425 668 ram
447 616 536 666 snam
556 601 590 665 in
612 599 707 667 alium
729 599 902 668 transferre
924 599 1059 666 uolentis
1081 605 1183 667 ratam
1205 600 1260 666 hs·

129 718 213 783 beri.
261 724 298 783 ut
326 737 402 784 uero
431 718 602 785 dominium
632 735 690 798 per
716 717 917 785 traditionem
946 719 1156 785 transferatur
1182 719 1259 786 haec

128 854 319 903 concurrere
330 838 454 918 debent,
466 837 585 904 scilicet
597 841 633 902 ut
644 834 787 903 dominus
799 827 851 917 sit,
864 837 918 918 qui
933 837 1039 917 tradit,
1055 843 1087 903 et
1105 843 1141 903 ut
1155 837 1259 904 auimo

128 955 343 1022 transterendi
365 955 536 1021 dominium
560 956 675 1034 tradat,
700 961 732 1022 ιι
755 960 791 1022 ιι
820 955 992 1040 corporalis
1020 956 1062 1021 sit
1090 975 1156 1037 ιιι,
1179 976 1260 1040 quae

128 1074 281 1141 traditur.
336 1072 563 1157 corporalis
592 1074 663 1140 ideo
696 1073 824 1152 dicitur,
854 1074 938 1158 quod
966 1092 1019 1140 res
1049 1075 1259 1157 incorporales
1294 1076 1312 1126 ⁶

128 1211 203 1261 carm
220 1192 307 1273 tangi
322 1197 533 1272 nequeamus
549 1192 771 1275 tradiquidem
790 1198 935 1276 possunt.
958 1193 1152 1260 domiuum
1174 1212 1261 1262 esse

128 1313 201 1394 qai
228 1311 354 1378 tradit
382 1312 452 1378 ideo
474 1317 620 1394 oportere
642 1311 793 1390 diximus,
815 1311 891 1392 quia
912 1314 955 1390 is,
983 1312 1037 1392 qui
1059 1330 1120 1378 non
1144 1311 1186 1378 sit
1208 1313 1262 1380 do-

128 1431 247 1506 minus,
269 1430 439 1496 dominium
454 1431 538 1512 qaod
557 1449 620 1496 non
641 1431 738 1496 habet
758 1429 931 1496 transferre
952 1429 1071 1514 nequit
1095 1431 1261 1495 animum

130 1551 345 1616 dominium
367 1551 405 1615 in
428 1550 694 1632 accipientem
725 1548 999 1616 transferendi
1028 1549 1099 1615 ideo
1129 1549 1262 1631 requiri-

130 1689 213 1750 mus,
236 1677 273 1734 ut
293 1669 491 1737 usufructum
506 1677 539 1735 ιι
560 1669 736 1751 depositum
759 1669 962 1752 excipiamus:
984 1667 1017 1733 in
1032 1668 1081 1734 his
1098 1669 1179 1735 enim
1194 1687 1262 1735 cor·
1280 1683 1313 1735 ro

130 1789 251 1872 poralis
274 1807 325 1856 res
348 1794 398 1855 ιιι
419 1794 451 1855 ιι
473 1789 618 1856 dominus
641 1789 696 1876 qui
720 1789 834 1863 tradit,
861 1795 911 1854 ιιι
938 1789 1072 1854 iterem
1095 1787 1204 1868 tradit,
1226 1794 1262 1855 ut

133 1927 204 1974 eam
227 1907 333 1991 paullo
356 1914 427 1990 post
450 1908 589 1991 recipere
612 1915 727 1988 speret.
763 1927 866 1992 neque
888 1909 1020 1976 interest
1043 1927 1124 1990 quae
1146 1908 1188 1974 sit
1210 1925 1261 1976 res

133 2029 302 2094 adomino
324 2028 456 2105 madito,
477 2047 520 2093 sm
546 2046 623 2110 eger
652 2027 790 2106 italicus,
821 2046 862 2093 au
891 2027 1094 2109 stipendiaria
1122 2026 1261 2107 praedio,

134 2167 176 2214 ιι
196 2147 378 2213 tributaria.
423 2147 629 2228 stipendiaria
650 2154 683 2213 ιι
704 2147 875 2213 tributaria
897 2165 934 2212 ea
963 2146 1097 2211 audiunt
1121 2143 1260 2227 posuis,

134 2285 215 2350 quae
236 2267 269 2330 in
291 2266 464 2346 prouinciis
491 2272 574 2332 sunt.
622 2265 803 2332 huiusmodi
831 2265 1051 2349 appellationis
1080 2265 1161 2330 ratio
1187 2261 1262 2362 inde
1281 2287 1313 2338 ιι

137 2393 208 2451 orta
230 2392 287 2451 ιιι.
312 2385 432 2467 primus
454 2385 665 2451 Romanorum
686 2386 861 2470 imperator
882 2403 952 2452 cum
976 2385 1082 2450 orbem
1105 2390 1262 2450 terrarum

137 2524 262 2586 omnem
285 2507 317 2570 iu
340 2523 398 2570 sua
420 2505 542 2572 dicione
564 2505 705 2584 haberet,
728 2504 857 2570 uirtutis
879 2503 1026 2586 propriso
1055 2522 1129 2584 ergo
1156 2500 1263 2568 mirifi-

137 2645 201 2704 cus,
224 2627 404 2706 prouincias
425 2625 537 2692 diuisit
558 2632 590 2692 ιι
610 2626 765 2708 quasdam
787 2625 914 2706 quidem
929 2625 991 2692 sibi
1006 2622 1148 2702 retinuit,
1171 2640 1264 2705 quos·

136 2747 208 2812 dom
236 2747 352 2828 populo
380 2747 544 2814 concessit
594 2751 628 2812 ιι
654 2744 761 2827 populi
789 2743 970 2828 prouinciae
998 2743 1169 2810 audieruut
1195 2743 1264 2808 sti·

136 2863 368 2946 pendiariao
395 2864 456 2930 hac
478 2864 517 2929 de
538 2881 650 2931 causa:
678 2863 799 2946 stipes
820 2869 871 2929 est
889 2861 1013 2944 argenti
1034 2867 1067 2928 ιι
1087 2867 1262 2927 ceterarum
1280 2882 1315 2934 no

135 3000 344 3063 rerumquae
374 3002 430 3066 por
468 2983 624 3049 modicum
653 2981 689 3048 lit
723 2981 875 3048 collectio.
930 3000 1001 3048 cum
1033 2981 1130 3066 igitur
1162 2997 1263 3063 pauca

137 3102 291 3186 quaedam
318 3102 528 3184 prouinciales
555 3102 594 3168 do
623 3104 689 3168 suis
719 3099 851 3167 redditis
873 3101 1054 3183 colligerent
1080 3105 1117 3164 ut
1143 3098 1184 3163 ad
1209 3115 1263 3180 po·

135 3221 247 3304 pulum
270 3220 442 3298 mitterent,
465 3225 501 3285 ut
524 3219 551 3286 ιι
573 3239 611 3286 ιι
633 3220 666 3287 in
689 3238 763 3286 suas
791 3220 996 3286 necessitates
1023 3223 1056 3285 et
1083 3213 1264 3283 delectatio·

135 3359 192 3408 nes
223 3344 445 3419 consumeret,
483 3339 555 3406 ideo
592 3337 889 3420 stipendiariae
921 3335 1102 3418 prouinciae
1134 3339 1264 3402 nocane

136 3465 226 3544 sonut3
251 3465 284 3525 ιι
305 3458 528 3526 conuenienter
550 3458 644 3525 aedes
665 3456 966 3540 stipendiariae
988 3461 1022 3522 ιι
1036 3453 1165 3535 preedia
1186 3453 1263 3522 sti·
1280 3474 1314 3527 ιι
