3022 4884
670 452 902 516 ..145-

228 635 267 699 τὰ
289 637 456 720 πράγματα
478 636 555 698 ἀλλὰ
578 636 647 719 τὰ)
670 636 810 719 pendere
833 656 965 702 numero
987 635 1179 718 mensurn.²)
1201 637 1251 699 καὶ
1273 654 1355 718 pon-

227 737 302 804 dere
322 737 381 821 μέν
404 735 485 800 ἐστιν
508 737 573 800 οἷον
585 740 713 825 χρυσὸς
735 737 874 825 ἄργυρος
899 738 1061 823 μόλυβδος
1087 739 1274 824 κασσιτερὸς
1303 761 1355 822 κη-

222 842 283 927 μδς
299 841 416 928 χαλκὸς
438 839 533 904 πίσσα
554 839 606 903 καὶ
626 840 686 904 όσα
709 839 849 904 τοιαῦτα
877 860 1010 906 numero
1039 839 1106 922 δέέ)
1133 841 1196 904 όσα
1223 837 1258 902 ἐν
1288 839 1356 923 ἀρι-

227 940 302 1027 δμῷ
335 941 432 1020 ἐστιν,
464 941 529 1005 οἷον
560 943 590 1006 οἱ
623 942 726 1008 λεπτοὶ
760 941 932 1026 νοῦμμοιό)
986 961 1138 1006 mensura
1170 940 1235 1004 οἷον
1270 943 1357 1014 σῖτος

192 1041 322 1130 expete>
343 1045 392 1106 καὶ
421 1045 457 1106 τά
487 1041 620 1108 τοιαῦτα.
671 1043 779 1130 ἐπειδή
809 1068 858 1107 σοι
886 1041 981 1133 ταῦτα
1008 1042 1270 1129 προτεδεώρηται
1292 1044 1356 1125 όρα

178 1217 181 1222 ,
228 1147 331 1208 λοιπὸν
354 1145 388 1207 τό
410 1144 622 1229 προκειμενον.
671 1147 839 1234 είρηκαμεν
868 1148 921 1210 τδν
950 1145 1095 1229 ριίρίδου
1123 1147 1167 1232 μὴ
1199 1142 1357 1209 δόνασδαι

228 1352 307 1433 ότιὸ)
331 1347 473 1413 ἐδάνεισε
495 1350 581 1434 παρὰ
608 1351 734 1436 γνώμην
762 1349 817 1414 τοῦ
846 1350 1028 1436 ἐπιτρόπου,
1057 1349 1123 1435 ἆρα
1152 1347 1291 1434 ἔρρωται
1321 1349 1357 1411 τδ

229 1452 397 1536 δάνεισμα;
420 1449 502 1534 καὶὸ)
531 1450 662 1534 λέγομεν
691 1452 768 1534 δτιί)
800 1450 965 1537 οὐδαμῶς·
995 1452 1035 1520 εὶ,
1049 1452 1111 1538 γὰρ
1140 1449 1190 1516 ἐπὶ
1218 1448 1273 1513 τοῦ
1300 1451 1357 1513 δα-

181 1562 213 1613 10
232 1554 312 1618 νείου
336 1555 353 1616 ό
377 1553 484 1636 λαβὼν
506 1552 618 1633 γίνεται
640 1553 805 1641 δεσπότης,
828 1550 865 1619 οὐ
886 1553 1002 1636 γίνεται
1024 1553 1060 1616 δέ
1075 1551 1223 1632 ἐνταῦθα,
1247 1549 1356 1637 ἐπειδὴ

231 1653 409 1739 dpt'lpillos
433 1655 562 1718 ἐκποιεῖν
584 1654 654 1737 οόθ)
678 1655 804 1719 δύναται
832 1655 904 1744 δίχα
934 1653 988 1720 τοῦ
1014 1655 1191 1739 ἐπιτρόπου.
1244 1653 1358 1718 οὐκοῦν

231 1754 308 1820 οὐδὲ
330 1757 463 1844 συνέστη
487 1759 521 1819 τδ
549 1757 708 1841 δάνεισμα,
739 1755 813 1820 οὐδὲ
836 1755 946 1845 ἔνοχος
967 1756 1092 1839 ἐγένετο
1122 1758 1140 1819 ό
1166 1757 1286 1838 λαβών.
1331 1757 1361 1819 π’

230 1858 301 1934 οὗνς
334 1859 398 1932 ἕξει
420 1862 437 1922 ό
459 1858 599 1942 pt'tpillos
622 1861 675 1946 τὴν
702 1859 735 1923 in
763 1880 833 1924 rem
861 1858 910 1923 ἐπὶ
936 1859 1089 1946 ἐκδικήσει
1116 1864 1177 1922 τῶν
1210 1859 1358 1942 νοόμμων

232 1965 293 2024 τῶν
317 1960 372 2022 ὑπ’
396 1958 491 2023 αὐτοῦ
513 1959 761 2024 δανεισδέντων.Ι
801 1959 897 2024 ταῦτα
925 1960 1031 2043 μένθ),
1062 1959 1096 2022 ἐν
1124 1957 1153 2045 ᾤ
1161 1960 1200 2040 ¹⁰)
1231 1961 1359 2044 φαίνον-

182 2069 213 2120 15
233 2089 281 2128 ται
302 2065 330 2126 οἳ
353 2066 496 2148 νοῢμμοι·
520 2064 548 2126 εί
569 2063 605 2127 δέ
626 2065 644 2126 ό
666 2065 774 2146 λαβὼν
801 2062 887 2128 mala
913 2062 977 2128 fide
1005 2062 1200 2148 ἐδαπάνησεν
1231 2059 1357 2141 αδτοδς,

233 2166 385 2230 τουτέστιν
408 2164 502 2239 εἰδὼς
523 2167 568 2228 ότι
589 2164 729 2249 ΡίιρίΙΙόε
751 2165 830 2228 ἐστιν
853 2167 871 2228 δ
894 2165 1054 2244 δανείσας,
1085 2163 1359 2253 κατασηεδησεται

232 2271 269 2354 τῇ
301 2267 345 2332 ad
375 2266 598 2333 exhibendum.
649 2267 705 2353 ἐφ’
735 2267 779 2332 ὧν
810 2268 870 2351 γὰρ
899 2268 1095 2354 φαινομένων
1126 2271 1248 2332 κινεῖται
1275 2269 1295 2352 ἡ
1323 2268 1358 2332 in

232 2390 309 2448 rem,
333 2371 381 2434 ἐπὶ
406 2370 523 2435 τούτων
545 2370 766 2455 κρυπτομένων
789 2369 910 2456 ἣνυαΙυ
923 2369 988 2435 fide
1003 2369 1249 2457 δαπανηθέντων
1260 2371 1359 2457 χώρα

234 2476 272 2560 τῇ
294 2473 337 2538 ad
361 2472 586 2537 exhibendum.
631 2473 659 2535 εἰ
688 2472 725 2536 δε
754 2471 964 2557 άνολώδησαν
990 2469 1076 2536 bone
1102 2470 1182 2550 fide,
1219 2471 1358 2536 τουτέστι

182 2591 216 2643 20
234 2573 288 2639 τοῦ
310 2576 536 2659 δανεισαμένου
559 2573 742 2657 νομίσαντας
764 2573 886 2660 ἔφηβον
910 2573 986 2638 εἶναι
1001 2577 1052 2637 τόν
1068 2575 1263 2652 δανείσαντα,
1286 2574 1359 2636 τότε

232 2676 299 2760 ηὓ)
322 2675 356 2739 in
377 2696 445 2740 rem
468 2675 617 2740 κινεῖσθαι
638 2673 675 2738 οὐ
698 2675 834 2753 δόναται,
857 2674 932 2738 οὐδὲ
953 2676 1013 2760 γὰρ
1037 2675 1197 2758 φαίνονται
1220 2677 1250 2738 οἳ
1266 2674 1360 2760 νοῦμ-

232 2798 294 2859 μοι,
318 2775 388 2841 οὔτε
409 2779 470 2865 μὴν
493 2777 536 2841 ad
557 2776 781 2857 exhibendum,
804 2777 911 2863 ἐπειδὴ
933 2775 1009 2840 οὐδὲ
1022 2777 1206 2860 κμύπτονται
1221 2779 1250 2840 οἱ
1266 2781 1359 2860 νοῦμ-

232 2902 296 2963 μοι,
319 2879 394 2942 οὐδὲ
413 2881 474 2964 μὴν
504 2879 590 2944 mala
617 2878 681 2943 fide
708 2879 947 2965 δεδοπάνηνται.
955 2878 995 2960 11)
1043 2881 1073 2942 τί
1101 2878 1155 2943 οὖν
1182 2882 1360 2966 γενησεται,

234 2981 283 3044 ίνα
302 2981 347 3066 μὴ
370 2983 404 3042 τὸ
428 2981 506 3067 ὑπερ
530 2984 582 3044 τοῦ
605 2979 730 3064 pupsslu
752 2978 928 3068 εἰσενεχθὲν
952 2981 1079 3065 νόμιμον
1101 2979 1221 3066 εὑρεθῇ
1248 2982 1361 3067 τρεπό-

184 3089 217 3141 25
233 3106 329 3168 μενον
366 3083 411 3158 εἷς
442 3083 569 3171 βλάβην
606 3082 701 3146 αὐτοῦ
735 3082 814 3146 καδδ
852 3083 985 3168 οὐδεμία
1018 3083 1106 3170 αὐτῷ
1138 3083 1360 3172 παρέχηταιῙῧ)

236 3187 344 3271 ἀγωγὴ
367 3183 400 3249 έκ
422 3184 484 3249 τῶν
512 3185 690 3267 νομικῶνῐέ)
719 3185 873 3258 κανόνων;
902 3186 1019 3249 λοιπδν,
1036 3185 1204 3275 δοδησέται
1233 3185 1361 3272 αὐτῷδ

239 3288 443 3355 condicticios
464 3287 515 3351 καὶ
535 3289 613 3372 όπεμ
638 3286 692 3350 οίικ
715 3287 842 3373 ἐποίησε
864 3288 883 3372 ἡ
908 3292 968 3350 τῶν
978 3291 1159 3375 χρημάτων
1181 3287 1361 3374 ἁπαρίδμη-

237 3413 292 3470 σις,
316 3390 455 3454 τουτέστι
476 3392 511 3454 τὸ
534 3389 727 3474 συστῆναιῑῧ)
750 3389 901 3474 δάνεισμα
927 3391 977 3453 καὶ
1003 3389 1148 3470 γενέσθαι
1179 3393 1231 3454 τὸν
1260 3390 1362 3452 δανει-

306 3562 329 3625 1)
345 3561 374 3613 in
392 3559 433 3613 ed.
452 3559 494 3612 vi.
513 3559 545 3612 R.
763 3557 787 3622 1)
801 3555 953 3610 “τουτέστιν
972 3558 1024 3610 ὅσα
1043 3557 1116 3609 ἐστὶν
1134 3557 1163 3610 ἐν
1183 3557 1300 3625 σταθμῷ
1318 3557 1362 3608 καὶ

237 3646 349 3716 ἀριθμῷ
367 3645 410 3696 καὶ
427 3644 536 3714 μέτρῳ’
556 3643 687 3711 glossema
704 3641 842 3706 redolent,
860 3657 921 3696 cum
939 3647 967 3696 et
985 3642 1046 3696 libri
1064 3643 1132 3694 mire
1150 3641 1316 3710 discrepent,
1334 3649 1363 3695 et

237 3747 255 3784 e
272 3730 310 3784 M.
329 3729 431 3791 absint,
447 3735 493 3796 qui
511 3736 600 3784 temen
617 3729 662 3782 hic
680 3732 822 3796 coneptus
840 3735 887 3781 est
1009 3729 1032 3794 3)
1051 3726 1076 3782 d.
1094 3727 1132 3780 Μ.
1236 3730 1261 3794 4)
1281 3742 1362 3780 noeu-

239 3816 293 3868 lem
314 3816 372 3868 »in«
391 3815 481 3870 omisi:
498 3815 573 3868 locus
590 3815 668 3868 deest
684 3814 713 3867 in
730 3813 779 3866 L1.
799 3818 826 3867 et
843 3811 906 3866 m:
931 3828 980 3880 pro
1002 3812 1176 3881 sequentibus
1194 3812 1243 3866 [ιθ.
1264 3813 1361 3866 hebet:

240 3899 300 3952 οἷον
319 3897 391 3960 οἶνος
410 3900 496 3952 ἔλαιον
515 3901 558 3951 καὶ
575 3901 611 3951 τὰ
628 3899 713 3962 ὅμοια.
872 3900 895 3960 1)
911 3899 961 3949 ’ότε
980 3898 1015 3965 ej.
1032 3896 1065 3952 R.
1236 3898 1262 3966 θ)
1280 3897 1306 3950 d.
1323 3897 1361 3950 Μ.

238 3987 262 4054 1)
280 3986 305 4040 d.
324 3987 367 4039 Vi.
385 3986 418 4041 R.
489 3985 513 4051 8)
530 3985 563 4036 οὐ
582 3985 638 4036 σύν.
657 3984 714 4036 exn.
732 3983 770 4038 M.
789 3982 853 4038 Fe:
871 3998 921 4050 pro
940 3997 980 4050 sq.
999 3981 1064 4038 Le:
1083 3983 1140 4036 sine
1158 3982 1257 4037 tutoris
1269 3987 1361 4035 nunte-

154 4133 161 4153 Ι
239 4073 328 4126 ritate.
436 4072 460 4139 ⁹)
479 4070 569 4126 addidi
587 4086 621 4124 ex
638 4071 680 4125 vi.
699 4069 730 4122 R.
812 4070 849 4132 1⁰)
867 4069 939 4134 τότε,
957 4067 1004 4120 ὅτε
1021 4067 1060 4120 Μ.
1079 4083 1112 4122 m.
1131 4071 1179 4122 28.
1262 4070 1298 4133 11)
1315 4067 1361 4122 td·

241 4156 297 4212 didi
315 4171 349 4210 ex
367 4157 409 4211 Vi.
427 4155 459 4210 R.
566 4155 602 4222 11)
620 4173 714 4225 -ηται
730 4154 773 4209 vi.
876 4155 912 4220 11)
931 4154 1037 4222 περιέχ.
1056 4153 1098 4206 vi.
1115 4152 1211 4220 scripsi
1229 4152 1265 4206 ad
1282 4150 1361 4206 fidem

240 4243 302 4298 L⁶.:
322 4249 371 4298 cet.
391 4259 492 4294 -εται,
595 4243 629 4307 14)
650 4241 769 4304 -μίμων
787 4239 835 4293 Ιιῦ.
854 4238 895 4294 vi.
914 4237 948 4292 R.
1049 4236 1198 4304 1⁵)rtad
1217 4235 1309 4290 velt.
