3096 4890
616 415 829 480 ..13-

155 608 256 685 ptum.
280 607 317 668 ut
339 619 411 668 ecce
433 621 504 668 curn
526 602 597 683 quis
619 601 773 670 aurcosO
795 608 924 670 mutuos
946 604 1094 685 dedisset,
1116 623 1284 672 usurarum

155 723 283 789 nominc
304 723 471 803 quotannis
485 722 544 789 sibi
561 722 587 789 L
602 723 672 788 dari
693 722 861 806 stipulatus
884 732 941 790 est.
964 743 1034 791 cum
1057 727 1229 792 absurdum
1250 725 1283 791 id

156 859 228 908 esse
238 845 324 925 apud
339 844 639 926 seconspcxissetin
650 861 704 910 eos
715 843 770 924 qni
785 843 861 909 talia
872 851 1091 927 perpetrarent
1102 853 1283 924 commotus,

155 962 415 1029 constitutionem
436 964 520 1042 tulit,
542 982 605 1046 qua
628 972 754 1029 cautum
777 971 895 1042 estne,
919 963 944 1028 Ο
965 965 1072 1032 aureis
1100 972 1208 1031 rnutno
1231 965 1284 1030 da·

154 1081 208 1161 tis,
232 1081 400 1162 quotannis
423 1080 556 1163 amplius
571 1100 666 1166 quam
681 1082 724 1148 Vl
747 1085 835 1148 aurci
857 1082 974 1150 fencris
996 1084 1120 1149 nomine
1142 1091 1283 1166 petoreu·
1317 1085 1335 1135 δ

155 1210 219 1265 tur.
272 1201 355 1284 quod
377 1199 512 1282 principi
533 1200 690 1283 placuerit
709 1200 788 1282 legis
804 1200 945 1282 uigorem
968 1201 1083 1267 habere
1106 1220 1167 1266 nou
1188 1201 1285 1268 ambi·

155 1322 253 1403 gitur.
277 1329 327 1387 set
341 1322 401 1386 erit
415 1322 469 1403 qui
484 1321 581 1386 dicat:
605 1338 662 1386 cur
678 1326 807 1385 senatus
822 1321 965 1387 consulta
980 1321 1127 1402 quamuis
1148 1341 1168 1387 a
1189 1323 1285 1403 pluri·

155 1440 217 1504 bus
238 1439 304 1504 lata
326 1447 440 1514 esseut,
463 1439 495 1502 in
517 1437 656 1520 plebeios
679 1457 741 1504 non
762 1438 921 1517 uolebant,
944 1457 1047 1523 neque
1068 1437 1180 1523 plebis,
1202 1458 1283 1522 quae

156 1561 321 1625 innumera
336 1567 384 1626 est
400 1558 578 1638 multitudo,
601 1559 680 1624 scita
701 1557 734 1624 in
750 1559 900 1641 patricios
916 1559 1101 1643 optincbaut
1114 1568 1283 1643 antequam

156 1679 346 1748 Hortensius
369 1689 575 1765 utrorumque
598 1683 713 1763 placita
734 1683 766 1747 in
794 1689 946 1763 utrosque
973 1683 1080 1764 uigere
1107 1682 1336 1766 persuasis-10

157 1804 216 1880 set,
237 1799 384 1883 princeps
406 1807 512 1867 auteur
534 1821 604 1868 cum
626 1821 709 1868 unus
731 1801 773 1867 sit
794 1801 844 1866 uir
866 1802 915 1867 ius
938 1801 1045 1867 condit
1066 1809 1099 1868 et
1120 1820 1211 1869 nemo
1233 1811 1283 1870 est

157 1921 213 2002 qui
235 1921 303 1987 cius
326 1921 481 1986 mandetis
504 1923 667 1987 aduersari
689 1920 829 1987 audeat?
856 1923 1107 2004 respondendum
1135 1930 1184 1988 cst
1211 1941 1281 1988 curn
1363 1973 1366 1978 .

156 2040 212 2121 qui
238 2041 332 2106 buius
360 2043 407 2106 rei
429 2059 555 2106 causam
578 2061 670 2108 nosse
693 2042 771 2107 uelit
793 2040 1004 2108 definitionem
1027 2041 1177 2124 principis
1205 2061 1282 2125 prae

157 2162 255 2228 oculis
278 2162 395 2228 babere
416 2171 571 2245 oportere,
593 2161 764 2246 principem
787 2161 907 2229 scilicet
929 2159 1015 2227 illum
1038 2179 1123 2237 esse,
1151 2163 1205 2244 qui
1227 2163 1281 2226 im-

157 2284 280 2361 perium
302 2290 336 2349 ct
355 2290 544 2364 potestatem
566 2302 586 2348 a
606 2281 722 2365 populo
745 2281 909 2363 acceperit.
958 2281 1093 2364 populus
1120 2289 1226 2345 auteur
1246 2280 1279 2346 in
1301 2289 1336 2339 lo

157 2409 258 2466 semet
289 2403 356 2485 ipso
388 2404 537 2485 patricios
571 2401 773 2487 plebeiosque
806 2403 957 2482 continet;
990 2420 1052 2467 non
1089 2403 1158 2467 iure
1183 2400 1281 2484 igitur

157 2519 245 2601 plebs
269 2521 336 2586 eius
358 2522 634 2590 constitutionibus
656 2524 897 2601 obuersaretur,
921 2520 971 2588 uel
998 2529 1126 2588 senatus
1156 2520 1280 2586 easdem

156 2650 331 2722 respueret.
361 2642 394 2707 id
416 2643 499 2708 enim
522 2643 672 2710 iacientes
695 2663 753 2710 sua
775 2645 835 2727 ipsi
864 2645 1013 2726 sullragia
1044 2645 1279 2728 impugnarent:

156 2760 292 2844 populus
314 2742 397 2827 eninr
419 2782 490 2827 eurn
510 2763 614 2845 clegit,
637 2764 706 2846 lege
722 2764 809 2845 regia
823 2765 854 2828 id
870 2765 1038 2845 sanciente,
1060 2784 1142 2848 quae
1164 2764 1203 2830 dc
1225 2764 1280 2827 inr-

157 2883 244 2963 perio
266 2882 332 2946 lata
353 2900 475 2948 omnem
503 2882 636 2964 principi
663 2884 695 2948 in
724 2884 872 2965 populum
899 2892 1088 2966 potestatem
1118 2885 1279 2951 concessit
1297 2896 1334 2949 ao

156 3001 266 3082 itaque
288 3021 368 3083 quae
382 3002 423 3066 ab
440 3023 477 3068 co
492 3002 729 3068 constituuntur
743 3006 897 3069 communi
913 3004 1120 3087 appellatione
1135 3004 1280 3071 consti·

157 3120 343 3188 tutiores
365 3131 529 3188 uocantur.
566 3122 678 3187 harum
700 3130 805 3189 autem
827 3125 982 3205 quaedam
1004 3132 1079 3190 sunt
1099 3122 1279 3205 personales

157 3241 322 3319 nequead
344 3240 519 3325 exemplum
540 3241 624 3308 trabi
646 3249 787 3325 possunt,
810 3244 957 3326 quoniam
979 3263 1041 3310 nou
1064 3245 1123 3311 hoc
1136 3245 1280 3328 princeps

156 3361 268 3427 uoluit.
311 3382 384 3430 nam
405 3365 432 3430 si
454 3365 505 3431 cui
526 3372 655 3449 propter
677 3366 877 3447 beneficium,
905 3386 968 3450 quo
990 3388 1078 3434 suam
1106 3367 1220 3436 adiecit
1241 3367 1280 3432 ci-
