3096 4890
714 405 924 467 ..22-

260 589 493 666 καταστάσεως,
518 589 689 674 ἐννόμου
712 589 749 653 δέ
770 589 967 676 προςτίθεται
989 591 1041 654 διὰ
1063 592 1097 653 τὸ
1127 592 1181 677 τὴν
1210 589 1302 674 φύσιν
1324 589 1384 656 οῦκ

262 688 375 754 εἰδέναι
398 689 469 764 τοῦς
498 690 675 774 δούλουςῑ),
706 692 782 756 ἀλλὰ
812 693 923 779 ταύτην
954 692 1109 779 εὑρῆσθαι
1117 691 1142 774 1)
1171 692 1206 756 ἐκ
1233 697 1288 779 τῆς
1316 697 1381 756 τῶν

262 791 365 875 νόμων
387 790 533 867 ἐπινοίας.
577 794 597 880 ι)
621 793 657 856 δὲ
679 792 844 877 ἐλευθερία
867 796 952 880 παρὰ
970 796 1124 880 ῥωμαίοις
1138 795 1291 877 λέγεταιθ)
1314 813 1382 859 ma·

260 894 422 982 numissiq.
465 897 513 958 καὶ
535 895 566 958 τί
586 896 652 960 ἐστι
673 897 893 972 manumissi03
924 896 1013 961 datio
1042 896 1210 976 libertatis,
1219 898 1246 980 ⁴)
1277 897 1382 960 τουτέ-

223 1013 326 1064 5στιν
347 997 368 1084 ι)
391 996 475 1070 δόσις
497 1003 552 1084 τῆς
574 996 765 1083 ἐλευθερίας.
810 993 858 1062 καί
886 998 947 1083 γὰρ
974 999 1030 1084 ἐφ’
1060 994 1137 1063 ὅσον
1167 1020 1211 1073 τις
1237 998 1319 1062 ἐστὶν
1346 997 1381 1061 ἐν

203 1085 205 1092 ’
259 1101 297 1184 τῇ
319 1098 446 1165 δουλεία
468 1103 506 1186 τῇ
523 1101 605 1187 χειρί
626 1101 675 1164 καί
697 1100 826 1187 ἐξουσίᾳ
848 1101 1003 1164 ὑπόκειται
1018 1103 1055 1187 τῇ
1068 1101 1212 1188 ἡμετέρᾳ
1233 1102 1281 1164 καί
1296 1099 1382 1163 ἐλευ-

258 1199 416 1285 θερωθεὶς
438 1202 661 1266 ἀπαλλάττεται
684 1209 740 1288 τῆς
762 1203 1030 1290 ύπεξουσιότητος.
1075 1202 1154 1290 αῦτη
1183 1202 1219 1266 δέ
1247 1205 1266 1289 ὴ
1294 1201 1381 1264 ἐλευ-

257 1301 352 1386 θερία
374 1299 409 1367 ἐκ
431 1307 484 1368 τοῦ
506 1305 724 1388 iurisgentiu⁶)
746 1305 887 1370 τουτέστι
907 1308 962 1368 τοῦ
986 1303 1108 1368 ἐθνικοῦ
1129 1305 1226 1387 νόμον
1247 1306 1303 1391 τὴν
1325 1304 1382 1387 ἀρ-

256 1407 431 1492 γαιογανίαν
453 1405 550 1488 ἔλαβε
572 1407 623 1470 διὰ
644 1409 680 1468 τό
703 1407 780 1469 κατὰ
802 1409 854 1470 τδν
877 1408 1004 1489 φυσικὸν
1034 1405 1128 1490 νόμον
1158 1407 1276 1480 πάντας
1295 1406 1382 1470 ἐλευ-

208 1509 242 1560 10
258 1507 378 1594 θέρους
399 1507 563 1572 τίκτεσθαι.
612 1507 689 1574 οῦδὲ
716 1507 777 1593 γὰρ
806 1507 844 1596 ἦν
871 1507 1051 1594 ἐγνωσμένη
1079 1509 1099 1595 ι)
1129 1506 1294 1590 ἐλευθερία
1323 1511 1381 1594 τῆς

200 1687 204 1694 .
257 1610 400 1684 δουλείας
424 1609 519 1696 οὔσης
543 1611 718 1692 ἀγνώστου.
760 1609 845 1694 μεθὸ
868 1609 936 1691 δὲθ)
959 1607 1079 1682 ἐθνικδς
1109 1608 1204 1694 νόμος
1231 1609 1380 1696 εἰσήγαγε

203 1697 205 1702 ’
258 1713 312 1798 τὴν
335 1711 487 1789 δουλείαν,
511 1701 694 1786 ἀκολούθως
715 1713 795 1793 καλί)
818 1714 837 1798 ἡ
861 1711 895 1775 ἐκ
916 1715 972 1798 τῆς
1001 1708 1183 1795 ἐλευθερίας
1209 1710 1379 1797 ἐὐεργεσία

252 1811 412 1900 χρειώδης
435 1811 541 1900 ὤφθη,
565 1815 614 1877 καὶ
636 1819 690 1900 τῆς
712 1813 841 1896 φύσεως
864 1815 897 1877 ἓν
925 1810 1026 1896 όνομα
1057 1814 1278 1901 παρασχούσης
1307 1815 1378 1900 ἡμῖν

252 1915 292 1975 τό
317 1917 370 1978 τοῦ
397 1913 586 2000 ἀνθρώπου,
615 1916 750 1990 ἅπαντες
778 1915 839 2000 γὰρ
868 1914 1032 1999 ἄνθρωποι
1061 1914 1376 1998 προσαγορευόμεθα,

208 2013 240 2064 15
258 2015 324 2097 τδῧ)
365 2015 606 2099 ἰπτὶεςέηῒίουθ)
648 2016 717 2100 τρία
761 2021 826 2079 τῶν
864 2015 1042 2100 ἀνθρώπων
1086 2016 1162 2079 εἶναι
1201 2017 1275 2103 γένη
1317 2016 1378 2080 διε·

257 2115 418 2195 τύπωσεν,
464 2119 521 2182 εἰσί
556 2119 617 2201 γὰρ
654 2117 815 2204 ἐλεύθεροι
856 2120 904 2181 καί
941 2120 969 2180 οί
1007 2123 1074 2194 τοῖς
1107 2116 1290 2202 ἐλευθέροις
1326 2119 1379 2182 ἀν-

198 2296 223 2306 ..
255 2217 418 2302 τικείμενοι
455 2219 560 2283 δοῦλοι
596 2221 644 2282 καὶ
679 2220 787 2301 ,τρίτον
827 2218 918 2301 γένος
962 2220 995 2282 τό
1037 2225 1100 2282 τῶν
1141 2218 1377 2304 ἀπελευθέρων,

254 2318 392 2383 τουτέστι
434 2323 496 2383 τῶν
540 2320 748 2406 παυσαμένων
792 2319 868 2384 εἶναι
906 2319 1036 2383 δούλων.
1102 2319 1277 2407 Εἷρῆκαμεν
1313 2325 1377 2383 τῶν

249 2407 446 2504 ’ἀνθρώπων
469 2422 541 2496 τοῦς
571 2423 629 2505 μὲν
662 2421 738 2485 ελναι
768 2417 899 2496 δούλους
928 2419 1002 2494 τοῦς
1034 2421 1070 2484 δὲ
1101 2417 1295 2503 ἐλευθέρους
1328 2425 1377 2484 καί

203 2535 239 2586 20
255 2523 310 2607 τὴν
341 2521 398 2606 μὲν
432 2523 576 2588 δουλείαν
610 2523 726 2608 άτομον
762 2523 838 2587 εἶναι
873 2525 944 2610 τὴν,
981 2523 1018 2586 δὲ
1055 2515 1238 2609 ἐλευθερίαν
1270 2523 1377 2607 τέμνε-

256 2622 331 2688 σθαι
353 2626 397 2698 ελς
419 2625 485 2702 δύο,
508 2627 553 2699 είς
575 2627 653 2707 rem)
681 2625 818 2706 εὐγενεῖς
840 2627 889 2688 καὶ
915 2624 1160 2709 ἀπελευθέρους.
1211 2624 1275 2688 ἐστι
1297 2626 1334 2688 δὲ
1354 2628 1375 2712 ἢ

255 2723 395 2806 εῦγένεια
422 2725 538 2809 ἄτομος
559 2727 660 2810 οόκΠ)
684 2727 800 2816 ἔχουσα
822 2731 858 2791 τδ
877 2729 995 2812 μᾶλλον
1017 2727 1087 2816 ἢτδ
1102 2729 1194 2816 ι’γττον
1210 2726 1245 2791 έν
1268 2730 1374 2814 ἑαυτῇ.

255 2827 463 2910 σκοπήσομεν
486 2828 522 2890 δὲ
545 2831 614 2911 περὶ
637 2833 693 2914 τῆς
714 2827 1005 2915 ἀπελευθερότητος
1026 2831 1090 2916 ἦτὶς
1111 2831 1159 2891 καί
1182 2827 1306 2916 αύτὴῃ)
1322 2833 1376 2918 σι)-

251 2949 351 3011 μερον
373 2926 490 3012 άτομός
516 2927 601 2994 ἐστιν
630 2930 675 3005 ελς
705 2931 773 3017 τρία
801 2932 893 2994 πάλαι
919 2931 1109 3018 τεμνομένη,
1140 2932 1186 3006 ὡς
1214 2932 1376 3015 προϊόντος

201 3040 235 3092 25
253 3026 389 3111 ἐροῦμεν
413 3032 466 3092 τοῦ
488 3030 639 3112 λόγουθ’)
683 3031 872 3114 ὡρισάμεθα
894 3032 930 3095 δὲ
952 3031 987 3095 ε’ν
1011 3035 1074 3107 τοῖς
1102 3033 1297 3116 προλαβοῦσι
1319 3037 1373 3097 τδν

253 3129 466 3216 ἀπελεύθερον
489 3121 570 3206 ῦςτις
597 3128 688 3194 ε’στιν.
741 3136 769 3195 l.
782 3135 810 3198 11)
827 3133 957 3208 Πολλοῖς
988 3133 1023 3196 δέ
1051 3134 1178 3217 τρόποις
1207 3133 1375 3220 ἐλευθερία
1394 3141 1420 3191 l·

253 3232 422 3317 συμβαίνει.
460 3234 480 3318 ἡ
503 3233 564 3317 γὰρ
587 3223 624 3297 ἐκ
646 3235 707 3296 τῶν
729 3229 828 3296 θείων
851 3234 1016 3320 δογμάτων
1039 3233 1075 3298 ἓν
1096 3239 1166 3311 ταῖς
1188 3235 1374 3317 ἀγιωτάταις

193 3399 199 3416 ,
252 3331 427 3421 ἐκκλησίαις
452 3334 644 3420 ἐλευθεροῦν
674 3336 838 3421 δυνάμεθα
866 3336 885 3423 ἦ
913 3336 964 3401 ἐπὶ
991 3337 1143 3424 ἄρχοντος
1170 3328 1190 3399 δ’
1216 3337 1284 3402 ε’στι
1305 3339 1375 3402 uin·

252 3431 380 3522 diotqss)
405 3439 472 3524 (τὴν
496 3438 531 3500 δὲ
555 3431 653 3500 αἰτίαν
677 3431 732 3525 τῆς
755 3435 927 3521 ὀνομασίας
947 3435 1188 3525 μαθησόμεθα),
1212 3437 1231 3524 ἢ
1252 3439 1373 3522 μεταξύ

200 3539 235 3592 ³0
250 3535 350 3620 φίλων
373 3529 451 3622 ῦπερ
475 3541 602 3622 λέγεται
617 3540 702 3622 inter
723 3539 889 3623 amicus¹⁵)
913 3539 933 3627 ἢ
956 3541 999 3604 δι’
1022 3535 1183 3627 ἐπιστολῆς
1204 3539 1225 3626 ἢ
1248 3535 1286 3603 ἐν
1309 3540 1375 3603 δια-

245 3771 251 3778 .
318 3713 342 3776 1)
359 3711 410 3779 την
428 3709 551 3762 δουλείαν
570 3709 600 3762 Ρ.
737 3706 761 3774 1)
778 3707 927 3778 ηύρεῖσθαι
945 3708 976 3764 Ρ.
1113 3707 1136 3778 ³)
1154 3708 1179 3763 λ.
1198 3727 1227 3762 π.
1244 3726 1272 3778 ρ.
1290 3707 1321 3761 F.
1339 3708 1374 3762 R.

249 3791 273 3861 4)
287 3794 383 3864 χειρὸς
401 3791 533 3851 ἀπόλυσις
550 3791 611 3846 αδδ.
629 3791 678 3846 Ιι1.
697 3793 821 3848 τουτέστ.
836 3810 864 3862 χ.
883 3791 909 3847 ἀ.
928 3789 1012 3861 ἤγουν
1030 3792 1048 3861 ι)
1066 3795 1089 3846 δ.
1107 3798 1146 3847 ut.
1163 3793 1193 3848 P.
1274 3796 1296 3864 ⁵)
1313 3795 1375 3848 iure

250 3877 371 3946 gentium
388 3877 420 3930 F.
438 3875 470 3930 R.
616 3877 639 3944 ⁶)
657 3878 672 3929 ό
689 3875 719 3931 P.
738 3875 772 3930 R.
917 3875 999 3942 1)(1ε.
1022 3875 1104 3931 ΡΒ.
1250 3879 1273 3946 1)
1292 3878 1324 3930 δὲ
1342 3877 1373 3930 Ρ.

250 3963 273 4032 ⁹)
290 3962 333 4016 ius
351 3962 471 4030 gentium
488 3961 520 4016 F.
538 3961 571 4016 R.
672 3963 710 4028 1⁰)
727 3959 752 4017 d.
770 3961 801 4014 P.
902 3963 938 4031 11)
957 3961 995 4030 ιι)
1013 3960 1042 4015 Ρ.
1147 3961 1183 4029 11)
1201 3961 1271 4032 αότη
1290 3963 1321 4017 G.
1341 3962 1373 4018 F.

249 4047 285 4112 1³)
303 4064 327 4100 τ.
345 4046 368 4101 λ.
386 4047 429 4115 ἐρ.
446 4046 479 4100 R.
586 4048 622 4113 14)
640 4047 783 4099 τουτέστιν
802 4047 977 4118 ἐκδικαυμένη
996 4048 1026 4101 Ρ.
1044 4047 1095 4104 Ῑι1.
1205 4050 1243 4116 15)
1262 4047 1374 4112 ἀμίκοος

250 4129 279 4184 Ρ.
297 4132 377 4184 -icu
394 4129 442 4184 Ιι1.
461 4130 505 4182 ἐπὶ
523 4130 608 4196 φίλων
626 4131 695 4198 Epa.

318 4216 346 4281 ο)
363 4215 397 4269 αλ.
415 4215 484 4284 Epa.
502 4217 545 4284 37,
563 4216 588 4271 ’1.
607 4215 702 4273 Proch.
721 4220 763 4285 24,
780 4221 805 4272 8.
