3078 4882
690 363 921 426 -169-

249 551 390 623 στάσεως
412 547 525 622 ἅλαλος
546 547 566 634 ή
589 549 846 633 κυφδςγέγονεν
868 551 892 634 ή·
912 546 1124 634 προγενομένη
1147 549 1295 633 φυλάττει
1317 551 1376 635 τήν

248 651 329 715 ἰδίαν
351 651 436 738 ἰσχὺν
458 648 603 737 διαθήκη.
648 653 679 714 4.
713 646 775 714 ⁸)‘O
797 650 915 735 τυφλδς
941 649 1069 713 δύναται
1097 649 1294 714 διατίθεσθαι
1316 674 1375 714 πα·
1393 671 1423 718 4.

245 754 455 837 ραφυλάττων
478 753 516 815 τὰ
538 752 685 840 είρημένα
708 754 746 838 τῇ
769 752 938 835 διατάξειῑ)
966 755 1021 815 τοῦ
1049 757 1105 838 τής
1131 750 1221 828 θείας
1248 753 1376 839 λήξεως

246 855 414 938 Ἰουστίνου,
470 857 499 919 5.
548 856 571 916 0
611 855 696 939 παρὰ
727 857 792 930 τοῖς
825 855 979 936 πολεμίοις
1012 853 1056 917 ὢν
1089 854 1126 917 οὗ
1160 859 1262 930 καλῶς
1294 860 1374 940 παρ’
1393 857 1424 906 5·

212 955 384 1039 ῦαύτοῖςλ)
408 956 593 1031 διατίθεται,
622 957 650 1019 εί
675 957 757 1039 καίθ)
787 957 894 1042 συμβῇ
924 959 1031 1019 τοῦτον
1061 957 1106 1032 είς
1135 957 1189 1041 τήν
1216 956 1375 1043 ήμετέραν

248 1060 399 1124 πολιτείαν
421 1057 564 1139 meast)
609 1059 664 1144 τήν
685 1057 722 1121 δὲ
745 1060 824 1142 παρ’
847 1060 919 1143 ήμῖν
948 1058 1117 1146 γενομένην
1146 1057 1299 1145 διαθήκην
1321 1057 1375 1141 ἑρ-

243 1161 373 1246 ρῶοθαί
397 1184 499 1246 φαμεν
520 1162 601 1243 μετὰ
624 1163 720 1224 ταῦτα
742 1160 911 1244 γενομένου
934 1157 1029 1222 αὐτοῦ
1044 1159 1287 1247 αἰχμαλώτουά)
1309 1160 1375 1224 εἴτε

247 1265 308 1350 γὰρ
331 1262 559 1349 θποστρέψηβ)
581 1265 617 1326 τδ
645 1262 761 1326 δίκαιον
790 1264 844 1325 τοῦ
866 1260 1063 1344 postliminia
1085 1261 1216 1348 παρέχει
1237 1261 1316 1348 αὐτῇ
1337 1264 1374 1324 τδ

246 1365 396 1447 βέβαιον·
420 1364 482 1428 εἴτε
505 1364 590 1449 παρὰ
613 1367 675 1438 τοῖς
697 1363 853 1446 πολεμίοις
874 1363 1063 1448 τελευτήση,
1093 1365 1111 1425 δ
1134 1361 1301 1442 Οοτυὸίίοε
1324 1365 1375 1426 νό-

198 1479 229 1530 10
244 1488 305 1551 μσς
319 1467 483 1553 χαρίζεται
506 1464 584 1552 αὐτῇ
607 1467 661 1551 τήν
684 1466 777 1554 λσμίν.

705 1789 909 1800 *-

410 2175 458 2241 De
481 2176 729 2242 exheredatione
750 2174 967 2259 liberorum.⁷)
1013 2176 1135 2276 Titulus
1159 2178 1208 2241 13.

333 2347 510 2431 Είρήκαμεν
539 2346 573 2409 έν
601 2349 665 2422 τοῖς
693 2345 888 2429 προλαβοῦσι
915 2345 981 2408 τίνα
1009 2347 1122 2429 τρόπον
1151 2345 1203 2408 δεῖ
1229 2344 1374 2426 γίνεσθαι

247 2448 302 2522 τὰς
323 2444 485 2532 διαθήκας,
508 2446 573 2508 οἷον
596 2446 663 2528 τδῧ)
686 2448 739 2508 τὸν
760 2445 917 2510 λθείίιίοτο
945 2446 1044 2531 οἰκείᾳ
1065 2447 1151 2531 γειρί
1179 2446 1315 2530 γράφειν
1337 2449 1373 2510 τὸ

246 2552 302 2611 τοῦ
324 2548 518 2634 κληρονόμου
541 2547 640 2632 ὄνομα
662 2546 682 2633 ή
705 2545 827 2630 τοῦτοδ)
850 2550 949 2629 λεγειν
971 2548 1104 2612 ἐπὶτῶν
1125 2547 1308 2632 μαρτύρων,
1322 2551 1375 2611 καὶ

247 2652 282 2713 τδ
311 2651 388 2713 ἑπτὰ
420 2649 497 2713 εἶναι
525 2652 598 2726 τοὺς
624 2651 788 2736 μάρτυρας
816 2653 865 2714 καί
895 2650 1022 2725 τούτους
1049 2651 1244 2733 ὑπογράφειν
1272 2649 1305 2713 ἐν
1335 2653 1375 2735 τῇ

198 2763 230 2812 15
248 2749 381 2836 διαθήκη
403 2752 453 2814 καὶ
475 2750 588 2835 ταύτην
611 2751 794 2835 σφραγίζειν
813 2749 953 2837 μηδενὸς
974 2747 1008 2814 έν
1028 2751 1116 2836 μέσῳ
1145 2751 1372 2836 πραττομένου.

214 2843 217 2852 ’
247 2852 281 2916 ἓν
304 2852 340 2915 δέ
362 2876 388 2915 τι
412 2853 529 2916 τούτων
552 2852 767 2938 παραλειφθὲν
790 2853 946 2941 ἄχρηστον
974 2853 1103 2917 δείκνυσι
1125 2855 1180 2939 τήν
1209 2853 1374 2940 διαθήκην.

247 2953 284 3016 οίν
304 2954 401 3036 μόνον
424 2955 504 3039 δὲῙθ)
528 2958 582 3040 τής
612 2956 779 3042 εἰρημένης
807 2954 949 3039 δεόμεθα
978 2956 1206 3042 παραφυλακῆς
1234 2957 1315 3039 πρὸς
1337 2957 1375 3017 τδ

247 3055 385 3144 ἰσχυρῶς
409 3055 613 3137 διατίθεσθαι,
636 3058 707 3119 ἀλλ’
731 3055 776 3120 ἔτι
798 3056 991 3144 ζητοῦμενῑῑ)
1016 3060 1063 3121 καί
1085 3057 1159 3120 ἄλλο
1173 3075 1217 3121 τι·
1241 3059 1293 3122 δεῖ
1312 3059 1374 3142 γὰρ

247 3163 370 3220 σκοπεῖν
404 3159 431 3220 εἰ
465 3161 528 3221 υίὸν
563 3159 792 3241 θπεξούσιονῑλ)
826 3163 843 3222 ὁ
872 3160 1016 3226 λοείίιίιυτ
1045 3160 1181 3249 ελχενῐί).
1234 3160 1286 3224 δεῖ
1312 3161 1374 3245 γὰρ

214 3469 216 3478 ⁴
317 3465 340 3527 ¹)
359 3463 391 3514 τὰ
409 3462 438 3512 ἐν
458 3465 493 3530 τῇ
512 3462 601 3532 ελρημ.
621 3463 689 3516 διατ.
706 3461 753 3518 Vi.
767 3464 800 3519 R.
904 3463 973 3532 ἢέν
993 3465 1052 3516 αὐτ.
1070 3463 1163 3538 Hurm.
1287 3464 1311 3530 ³)
1328 3463 1373 3514 καί

247 3549 273 3598 εἰ
290 3547 382 3600 Hann'.
504 3548 528 3613 ⁴)
545 3547 669 3599 ἀνελθεῖν
688 3549 722 3615 ej.
740 3548 834 3602 (λινε).
929 3550 960 3613 ὅ)
977 3547 1058 3600 κᾶνό
1076 3548 1184 3611 διαθέμ.
1202 3566 1230 3610 μ
1249 3565 1277 3602 τ.
1294 3565 1375 3615 γενη-

248 3649 291 3682 ται
312 3630 385 3702 αλχμ.
406 3632 500 3685 Harm.
518 3632 567 3684 κᾶν
586 3650 615 3694 μ.
634 3647 658 3686 τ.
675 3634 721 3699 γέν
740 3633 809 3700 Epa.
895 3635 918 3700 6)
937 3633 1112 3700 ὑπέστρεψεν
1131 3639 1159 3687 et
1175 3632 1246 3686 infra
1264 3633 1374 3684 ἐτελεύ-

248 3733 328 3784 τησεν
348 3716 416 3783 Ερυ.
523 3717 545 3781 7)
562 3718 627 3783 περὶ
646 3717 807 3786 ἀποκλήρων
826 3717 930 3770 παίδων
949 3718 991 3771 ad.
1010 3716 1086 3770 libri:
1104 3736 1131 3770 π.
1150 3719 1194 3770 ἀπ.
1214 3717 1373 3785 ἐλευθέραν

249 3797 330 3866 ἤγουν
351 3820 377 3852 π.
397 3801 446 3853 11⁶.
467 3801 504 3853 M.
576 3801 640 3865 ⁸)d.
661 3800 753 3854 VLR.
855 3803 879 3867 ⁹)
896 3805 944 3853 τοῦ
962 3801 994 3857 F.
1064 3802 1197 3867 10)(1.Μ.
1268 3805 1304 3868 11)
1322 3802 1374 3855 ΜΛ

248 3890 313 3938 cetu·
328 3883 536 3946 “ἐπιζητοῦμεν’.
680 3885 714 3950 1⁹)
733 3883 790 3936 εἴτε
809 3885 983 3944 αὐτεξούσιον
1003 3886 1046 3942 vi.
1186 3887 1221 3953 1θ)
1240 3886 1298 3958 ἔχει
1316 3887 1331 3937 δ
1348 3904 1373 3938 τ.

246 3967 289 4022 Vi.
309 3968 341 4022 R.

316 4091 343 4155 υ)
362 4088 443 4141 schol.
463 4089 553 4142 Harm.
572 4094 601 4153 5,
616 4092 637 4152 1,
656 4091 696 4142 27.
716 4088 785 4155 Epa.
802 4091 844 4154 30,
863 4091 887 4142 7.
