3058 4890
588 447 821 514 -209-

141 648 240 695 meam
263 650 330 697 rem
351 652 412 699 non
435 653 514 714 esse,
536 653 605 701 eam
627 655 690 702 non
713 635 916 717 reliquissem,
939 638 1035 720 idque
1049 625 1180 703 dini'Pii
1195 657 1267 705 con·

142 750 306 818 stitutione
328 758 466 818 canetur.
497 755 524 819 si
546 756 617 835 quis
640 775 706 821 rem
729 755 863 822 alienam
885 755 962 821 mihi
984 756 1139 840 legaucrit
1161 762 1194 822 et
1216 755 1268 824 he

140 888 192 935 res
214 889 283 937 cum
306 871 384 938 nolit
405 893 473 940 eam
496 874 651 942 redimere
672 894 709 942 ao
736 876 863 943 tradere
890 877 1067 959 pretiumne
1094 881 1266 956 praestare,

141 989 227 1055 dicat
247 991 356 1057 inutile
379 1011 448 1059 esse
469 992 618 1075 legatum,
640 1013 711 1061 cum
726 1002 860 1062 testator
882 1013 950 1060 eam
973 993 1108 1061 alienam
1123 1013 1192 1061 esse
1215 1012 1268 1060 ne-

143 1108 248 1187 sciret,
271 1130 392 1194 egoque
413 1113 584 1194 legatarius
606 1121 716 1180 contra
737 1132 877 1180 asseram
900 1113 1038 1180 ualidum
1061 1121 1163 1193 esset,
1196 1131 1268 1179 cnm
1301 1122 1320 1175 o

141 1229 238 1309 probe
260 1232 355 1296 sciret
376 1239 511 1299 testator
532 1253 601 1300 eam
627 1252 697 1300 esse
719 1232 862 1312 ahenam,
885 1232 950 1299 utri
970 1231 1164 1315 probationis
1189 1250 1269 1300 onus

141 1347 320 1415 incumbet?
341 1355 446 1417 utrum
469 1351 579 1418 heredi
600 1352 716 1419 dicenti
738 1353 903 1436 ignorasse
924 1357 1108 1418 testatorem
1128 1369 1169 1416 an
1185 1351 1270 1433 lega·

143 1467 225 1532 tario
247 1488 318 1534 enm
340 1471 372 1536 id
395 1472 493 1538 scisse
514 1471 653 1538 dicenti?
674 1479 706 1538 et
727 1474 834 1538 uerius
862 1478 911 1538 est
932 1471 1084 1553 legatario
1113 1470 1269 1553 probatio

143 1604 216 1651 nem
237 1590 426 1665 incumbere,
447 1609 508 1657 non
532 1600 637 1658 antem
659 1591 806 1659 heredem
832 1592 967 1673 probare
995 1596 1156 1673 oportere:
1185 1588 1270 1671 lega·

143 1705 245 1770 terius
268 1707 361 1786 enim,
384 1728 454 1775 cum
476 1711 518 1775 sit
539 1718 636 1790 actor,
660 1718 745 1777 recte
766 1711 961 1793 probationis
988 1727 1082 1775 onere
1103 1715 1267 1790 grauatur.
1289 1711 1322 1764 10

96 1841 124 1891 a.
143 1825 173 1888 5.
204 1823 282 1891 Gum
304 1828 405 1894 Titius
425 1829 564 1896 aPrimo
586 1838 728 1896 mutuam
750 1831 923 1912 accepisset
944 1830 1120 1910 pecuniam,
1141 1829 1271 1911 pignere

144 1962 201 2011 seu
231 1945 409 2028 hypotheca
435 1966 528 2013 suum
556 1950 686 2016 fundum
719 1952 748 2016 ei
778 1949 941 2030 obligauit.
993 1950 1130 2015 moriens
1158 1947 1270 2027 Titius,

142 2071 313 2146 antequam
335 2079 479 2133 mutuum
501 2068 696 2149 redderetur,
719 2069 803 2136 hunc
824 2068 955 2135 fundum
975 2067 1052 2134 mihi
1068 2066 1195 2150 legauit.
1218 2085 1271 2133 ne·

143 2201 231 2248 cesse
253 2180 384 2251 habehit
405 2186 496 2252 heres
519 2195 661 2253 mutuum
684 2187 790 2254 Primo
812 2187 935 2254 soluere
962 2193 995 2253 et
1020 2185 1151 2253 fundum
1174 2184 1271 2268 hypo·

142 2302 236 2368 theca
256 2303 389 2370 liberum
412 2306 487 2371 mihi
510 2308 645 2375 tradere.
668 2315 701 2372 et
715 2309 747 2372 in
762 2307 821 2373 hoc
836 2324 961 2389 quoque
983 2323 1058 2371 casu
1081 2305 1188 2370 eadem
1211 2303 1322 2374 dii-15

142 2419 278 2489 ferentia
303 2425 405 2491 locum
433 2426 575 2506 habehit,
604 2445 686 2509 quae
712 2427 744 2492 in
770 2425 977 2507 praecedente
1004 2440 1095 2502 casu,
1122 2439 1193 2488 cum
1218 2439 1270 2488 res

143 2543 264 2609 scilicet
286 2543 389 2611 aliena
411 2553 495 2610 esset
516 2544 632 2628 legata.
675 2552 751 2610 tunc
777 2545 858 2610 anim
886 2543 1009 2624 cogitur
1030 2541 1137 2620 heres,
1167 2540 1270 2606 soluto

143 2681 218 2727 aere
239 2665 352 2744 alieno,
374 2683 441 2731 rem
464 2664 639 2747 hypotheca
660 2663 804 2742 liberare,
828 2681 898 2729 cum
920 2660 1028 2727 scierit
1049 2666 1182 2727 testator
1204 2677 1270 2726 rem

147 2785 320 2867 obligatam
340 2804 409 2853 esse
431 2786 526 2869 idque
548 2785 614 2851 dini
630 2783 767 2851 Seuerus
790 2790 823 2848 et
836 2780 1014 2847 Antoninus
1029 2779 1269 2862 rescripserunt

144 2905 172 2970 si
195 2913 300 2970 umen
323 2904 425 2972 uoluit
447 2905 615 2971 defunctus
637 2922 703 2969 rem
726 2900 920 2986 hypothecae
949 2896 1083 2965 uinculis
1104 2897 1208 2980 ipsum
1228 2897 1272 2964 la·
1290 2906 1325 2960 to

147 3024 308 3108 guterium
335 3025 423 3090 lucre
445 3025 539 3108 idque
567 3020 744 3105 specialiter
773 3019 943 3103 expressit,
971 3035 1033 3083 non
1060 3016 1154 3082 dehet
1179 3015 1271 3081 heres

103 3159 128 3214 o.
148 3162 218 3210 eam
246 3144 343 3211 luere.
388 3146 417 3207 6.
454 3144 531 3210 Rem
563 3141 697 3208 alienam
731 3140 790 3206 tihi
821 3139 934 3222 legaui.
985 3155 1055 3202 cum
1082 3138 1272 3201 tmmmento

147 3265 275 3332 condito
304 3265 550 3348 superuixerim‚
579 3263 646 3328 eius
675 3260 722 3327 rei
751 3268 786 3326 tu
808 3257 979 3341 legatarius
1001 3254 1146 3323 dominus
1167 3249 1271 3317 iactus

147 3403 191 3450 es.
229 3385 330 3468 ipsam
351 3402 418 3450 rem
440 3383 480 3448 ab
503 3380 648 3447 heredets
670 3385 779 3460 petere
800 3397 862 3444 non
883 3394 976 3460 posse
997 3371 1166 3456 (quomodo
1188 3367 1272 3438 enim
