3078 4882
629 425 863 488 -194-

187 613 347 691 toninum,
375 613 672 694 rescripserunt'que
698 609 828 678 Ooecdio
857 610 1047 694 Gempanoz'
1069 609 1310 677 »tenementum

186 721 565 809 seeundoloooluotum
588 729 662 796 lieet
687 730 780 797 ineo
809 747 848 796 en
877 731 970 796 certis
997 729 1093 796 rebus
1122 730 1192 810 quis
1218 729 1310 796 heres

185 849 323 932 scriptus
345 850 396 928 sit,
419 849 618 914 nihilominus
640 847 728 930 prius
751 847 868 931 rumpit
892 845 1023 929 perinde
1052 865 1089 914 eo
1111 848 1138 912 si
1160 847 1241 912 eitra
1262 836 1311 913 re·

185 986 255 1035 rum
278 969 468 1034 mentionem
500 967 697 1033 insecundo
724 973 911 1054 testamento
942 966 1026 1032 foetu
1053 967 1094 1030 sit
1122 965 1307 1031 institutio«
1332 1037 1335 1044 ,

184 1087 279 1153 iussit
301 1094 406 1154 eutem
434 1086 582 1152 heredem
614 1086 740 1170 quidem
770 1085 842 1152 deri
868 1085 923 1166 qui
951 1085 984 1150 in
1012 1084 1186 1168 posteriore
1215 1090 1310 1152 testu·
1344 1083 1362 1134 5

184 1212 290 1270 mento
312 1204 476 1270 institutus
498 1212 596 1281 esset,
627 1210 676 1270 set
702 1206 804 1270 teneri
829 1202 998 1270 heredibus
1024 1203 1188 1284 inpriore
1214 1209 1309 1292 testu·

184 1331 291 1390 mento
313 1323 468 1389 institutis
496 1323 702 1390 hereditatem
729 1323 913 1400 restituere,
940 1322 981 1387 iis
1003 1322 1097 1389 rebus
1119 1328 1310 1396 contentum,

184 1463 222 1508 ex
244 1442 361 1523 quibus
383 1443 477 1508 etiem
498 1441 590 1508 heres
613 1443 749 1523 scriptus
764 1447 856 1508 esset
878 1441 929 1507 sin
943 1447 1048 1506 eutem
1063 1455 1145 1520 quoe
1160 1440 1190 1506 ei
1205 1446 1311 1505 essent

183 1561 296 1628 relicte
317 1569 460 1644 quartum
488 1560 567 1643 legis
594 1559 738 1652 falcidiae
764 1579 826 1626 non
861 1559 1035 1642 explerent,
1068 1561 1152 1642 quod
1177 1566 1310 1640 quertue

184 1683 310 1747 deesset
332 1680 361 1746 ei
382 1679 590 1762 supplendum
605 1699 683 1745 esse.
706 1698 839 1762 quorum
862 1679 1015 1746 rationem
1037 1681 1198 1745 continent
1212 1677 1310 1745 uerbo
1329 1686 1363 1738 10

183 1801 217 1865 in
239 1800 376 1866 secundo
397 1801 515 1882 scripte
536 1807 734 1877 testamento,
758 1802 789 1866 in
811 1801 925 1881 quihus
947 1818 1129 1882 expressum
1151 1807 1201 1866 est
1221 1798 1309 1882 prius

184 1919 292 1984 uslere
314 1925 548 1984 testamentum.
588 1921 691 1999 rumpi
713 1918 812 2000 igitur
831 1926 1055 1986 testamentum
1076 1920 1220 2002 pluribus
1241 1921 1310 1999 pot·

185 2045 235 2104 est
256 2035 372 2102 modis.
411 2055 485 2103 num
509 2037 648 2117 postumi
669 2037 832 2119 praeteriti
860 2039 1026 2105 nutiuitute
1053 2046 1086 2104 et
1113 2037 1310 2105 successione

186 2159 218 2221 in
240 2154 343 2220 locum
365 2157 416 2220 sui
437 2162 471 2220 et
499 2155 575 2220 noui
602 2155 651 2221 sui
680 2157 871 2238 adgnatione
896 2163 929 2222 et
957 2157 1126 2240 adoptione
1153 2156 1310 2237 rumpitur

186 2281 418 2340 testamentum.
441 2279 491 2339 set
512 2274 589 2340 heeo
612 2276 738 2356 quidem
761 2275 800 2340 de
821 2283 915 2357 rupto
937 2280 1125 2342 testamento
1141 2273 1307 2339 sufficient
1328 2287 1361 2339 15

138 2417 167 2467 4.
185 2398 216 2458 4.
250 2395 485 2460 Testamentum
508 2396 576 2460 iure
606 2394 765 2462 conditum
787 2402 892 2477 potest
919 2412 1043 2477 quoque
1072 2393 1200 2459 inritum
1229 2392 1308 2472 deri,

185 2515 284 2579 ueluti
306 2533 377 2580 oum
404 2520 540 2580 testator
570 2513 684 2596 ospitis
711 2514 956 2580 deminutionem
982 2530 1095 2596 pessus
1121 2511 1174 2578 sit.
1224 2501 1309 2594 quod

183 2634 298 2716 quibus
330 2634 431 2699 modis
463 2634 579 2699 oceidit
609 2633 643 2698 in
673 2634 774 2716 prime
805 2607 1008 2699 Institutione
1040 2632 1227 2698 rettulimus.
1280 2632 1309 2696 si

184 2753 266 2820 enim
290 2758 423 2818 testetur
445 2770 591 2834 magnum
613 2752 725 2835 cepitis
748 2753 991 2819 deminutionem
1019 2770 1130 2835 pessus
1158 2751 1215 2830 sit,
1244 2769 1309 2816 ser·

185 2891 308 2955 uosque
340 2872 442 2938 luctus
473 2873 533 2950 sit,
571 2872 624 2938 uel
657 2874 791 2940 medium
825 2879 920 2954 etune
958 2873 1119 2938 ciuitatem
1157 2869 1308 2949 emiserit,
1326 2880 1362 2932 uo

185 2992 236 3058 uel
259 2991 417 3056 minimam
446 2999 544 3074 etque
571 2991 666 3058 alieni
695 2992 774 3057 iuris
801 2990 903 3060 iaetus
931 2993 989 3070 sit,
1021 3010 1092 3056 cnm
1119 3010 1189 3057 sese
1218 2988 1308 3055 udro-

139 3149 166 3200 5‚
185 3114 322 3194 gundum
345 3112 477 3190 dederit,
499 3110 628 3176 inritum
656 3109 693 3177 fit
721 3117 953 3178 testamentum.
998 3113 1027 3176 5.
1060 3109 1189 3191 Itaque,
1217 3109 1310 3173 sicuti

183 3233 245 3295 iam
280 3232 397 3296 dictum
431 3237 494 3310 est,
527 3232 629 3298 trihus
657 3233 757 3296 modis
788 3230 987 3296 infirmentur
1018 3236 1220 3310 testamento;
1254 3234 1310 3292 eut

183 3351 267 3414 enim
288 3368 349 3414 non
371 3351 441 3415 iure
463 3349 549 3416 oiuili
571 3348 662 3432 liunt,
683 3356 740 3414 eut
761 3356 960 3431 rumpuntur,
982 3357 1039 3414 eut
1060 3347 1156 3413 inrito
1171 3343 1310 3412 efficiun-

182 3479 246 3534 tur.
290 3486 457 3550 possumus
478 3476 585 3534 sutem
608 3476 641 3534 et
662 3470 746 3552 quod
767 3469 897 3535 inritum
919 3476 969 3534 est
989 3474 1117 3549 ruptum
1140 3481 1255 3530 uooure
1276 3467 1309 3530 et
1326 3484 1361 3537 25

182 3588 268 3667 quod
290 3595 418 3670 ruptum
441 3588 569 3654 inritum
592 3595 625 3654 et
646 3595 870 3654 testamentum
892 3589 932 3654 eb
955 3588 1042 3654 initio
1064 3605 1126 3652 nou
1143 3585 1218 3650 iure
1239 3603 1311 3678 oon·
