3038 4884
693 413 904 478 ,26-

241 599 275 663 τδ
295 597 412 684 μέτρον
435 602 491 688 τῆς
513 598 593 677 ἰδίας
614 599 819 676 ὑποστάσεως
841 601 970 666 ἕκαστον
993 601 1160 688 εἰσφέρειν.
1205 599 1238 664 ἐν
1261 600 1363 686 τούτῳ

241 699 296 766 οὖν
318 703 365 788 τῷ
386 702 489 790 κὴνσῳ
519 701 622 768 εἴποτε
650 699 769 790 οἰκέτης
796 704 873 768 κατὰ
905 703 1042 769 κέλευσιν
1072 704 1227 770 δεσπότου
1250 707 1365 772 ἑαυτὸν

241 803 410 890 ἐλεύθερον
433 805 655 890 ἀπέγραψεν),
679 804 891 894 ἀπηλλάττετο
915 811 969 894 τῆς
992 806 1146 884 δουλείας.
1168 811 1366 874 testamento

241 907 286 988 δὲ,
308 907 396 998 ἡνίκα
417 930 462 984 τις
483 907 516 972 ἐν
539 906 674 996 διαθήκη
697 910 749 971 τὸν
771 907 846 972 ἴδιον
869 908 988 995 οἰκέτην
1010 908 1282 996 ἡλευθέρωσενὴ.
1306 935 1366 998 φυ-

205 1011 318 1075 bomo}
340 1009 376 1074 δέ
399 1011 506 1094 τρόποι
528 1009 714 1096 ἐλευθερίας
735 1009 816 1097 ἦσαν
840 1016 942 1093 τρεῖς·
963 1011 1048 1076 inter
1068 1011 1188 1077 amicos
1208 1034 1268 1097 per
1282 1034 1369 1080 men·

241 1130 310 1176 sam
340 1132 399 1194 per
427 1111 606 1196 epistulam.
651 1115 700 1177 καὶ
720 1113 805 1178 inter
825 1113 944 1179 amicos
968 1113 1042 1197 μὲν,
1072 1114 1158 1200 ἡνίκα
1189 1115 1287 1199 φίλων
1311 1141 1365 1181 πα-

238 1215 362 1300 ρόντων
394 1215 588 1303 ἠλευθέρουν
622 1218 696 1282 τινοί.
751 1237 811 1301 per
841 1236 1004 1294 mensam,
1038 1207 1091 1279 ότε
1124 1215 1367 1306 συνεστιαθῆναί

240 1317 326 1401 μοι’)
349 1317 397 1382 ἐπὶ
419 1317 605 1404 ἐλευθερίας
626 1317 714 1382 δόσει
736 1316 946 1403 προσέταττον
970 1319 1016 1402 τῷ
1032 1316 1150 1404 οἰκέτη·
1172 1337 1233 1401 per
1247 1319 1366 1401 epistu-

241 1418 316 1500 lam,
338 1419 427 1505 ἡνίκα
449 1418 513 1482 ὄντι
535 1419 622 1505 αότῷ
641 1418 675 1483 ἐν
697 1417 794 1505 ἑτέρᾳ
810 1419 907 1506 χώρᾳ
930 1417 973 1481 δι’
1002 1417 1165 1507 ἐπιστολῆς
1193 1420 1365 1505 ἐπέτρεπον

191 1527 224 1579 10
243 1523 358 1604 διάγειν
381 1520 417 1586 ἐν
439 1520 618 1609 ἐλευθερίᾳ.
668 1521 777 1610 ἐπειδη
807 1544 855 1585 σοι
884 1518 979 1587 ταῦτα
1008 1521 1269 1609 προτεθεώρηται
1298 1514 1363 1606 όρα

241 1625 345 1688 λοιπὸν
369 1627 402 1688 τὸ
425 1623 635 1709 προκείμενον.
679 1622 766 1711 ἡνίκα
798 1622 865 1705 τρία
888 1621 1003 1708 ἔννομα
1024 1625 1189 1710 συνδρόμη
1197 1625 1224 1707 ⁴)
1252 1623 1302 1688 ἐπὶ
1322 1634 1368 1710 τῷ

242 1726 501 1812 ἐλευθερουμένῳ
525 1725 644 1814 οἰκέτη,
671 1726 751 1802 ὣςτε
773 1725 867 1790 αότόν
894 1727 944 1790 καί
972 1723 1224 1814 ὑπερβεβηκέναι
1257 1730 1308 1790 τὸν
1330 1715 1367 1790 λ

242 1827 382 1892 ἐνιαυτὸν
405 1829 453 1891 καί
475 1825 555 1915 ἔχειν
577 1825 631 1891 ἐπ’
654 1827 780 1911 ου’τδνί)
809 1831 860 1892 τόν
888 1827 1042 1914 δεσπότην
1077 1831 1129 1915 τὴν
1157 1827 1285 1911 ἔννομον
1315 1831 1367 1892 δε·

244 1929 399 2009 σποτείαν,
422 1929 560 1994 τουτέστι
576 1932 610 1994 τὸ
630 1951 671 1995 ox
685 1929 754 1995 iure
775 1929 951 2012 quiritium,
975 1929 1188 2018 ἠλευθεροῦτο
1213 1925 1248 1994 δὲ
1269 1933 1321 1995 καὶ
1343 1933 1362 1994 ό

193 2053 224 2102 15
243 2029 363 2118 οἰκέτης
384 2030 404 2117 ἢ
425 2029 570 2096 uindicta
591 2030 612 2117 ἢ
633 2051 728 2097 censu
750 2030 769 2119 ἡ
791 2034 1002 2110 testamento,
1032 2030 1134 2106 πάθος
1164 2031 1200 2096 δὲ
1226 2033 1270 2119 μὴ
1293 2031 1367 2098 ὑπέ-

242 2157 332 2213 κεττο,
357 2138 481 2208 πόντιος
500 2136 517 2197 ό
539 2131 808 2218 έλευθεροόμενος
831 2131 981 2215 έγίνετυί)
1006 2133 1130 2220 πολίτης
1151 2136 1304 2218 ρωααῖος.
1334 2135 1366 2198 εί

243 2237 279 2300 δὲ
301 2235 425 2312 πάθους
443 2236 488 2322 μὴ
510 2235 649 2314 ὑπόντος,
672 2235 740 2316 οόί)
763 2235 942 2319 συνέδραμε
967 2233 1004 2298 τὰ
1027 2235 1096 2320 τρία
1111 2233 1235 2318 ἔννομα,
1257 2234 1278 2322 ἡ
1300 2237 1362 2320 γὰρ

243 2340 260 2401 ό
282 2338 402 2427 οἰκέτης
423 2337 461 2427 ἦν
483 2337 622 2402 ἐλάττων
645 2340 706 2420 τῶν
722 2324 776 2420 λθ)
799 2335 819 2423 ἡ
841 2338 859 2397 ό
886 2336 1043 2425 δεσπότης
1066 2337 1246 2421 βονιτάριος
1266 2338 1364 2423 μόνον

243 2439 295 2528 ἡν,
319 2439 375 2505 οὐκ
396 2439 460 2530 εἰχε
482 2440 518 2504 δὲ
540 2442 589 2504 καί
610 2439 738 2525 ἔννομον
760 2439 954 2518 δεσποτείαν,
978 2437 997 2525 ἡ
1020 2437 1138 2520 ε’ῑίνετο
1161 2440 1366 2525 ἡὲλευθερία

192 2558 227 2610 νο
244 2562 304 2625 per
325 2562 469 2608 mensam
484 2541 504 2629 ἡ
518 2563 578 2626 per
592 2539 762 2626 epistulam
784 2539 804 2628 ἡ
825 2541 909 2606 inter
929 2542 1059 2621 amicos,
1082 2541 1148 2630 ἡτοι
1171 2542 1228 2606 δόο
1249 2541 1368 2606 ἐοθότε

243 2642 364 2707 ε’νέλιπε
393 2644 430 2708 τὰ
462 2643 577 2727 ἔννομα
607 2643 657 2731 ἡί)
692 2647 739 2708 καί
774 2644 811 2706 τὰ
843 2643 927 2728 τρία,
962 2643 979 2704 ό
1012 2639 1280 2729 ἐλευθεροόμενος
1308 2641 1369 2724 ἐγί-

245 2767 313 2809 νετο
335 2746 452 2810 λαλῖυοε
473 2745 633 2811 iunian6s·
667 2746 790 2820 πάθους
811 2745 847 2810 δὲ
872 2744 1076 2829 ὑποκειμένου
1100 2747 1223 2820 πάντας
1244 2744 1366 2828 ἐγίνετο

244 2845 419 2912 dediticios.
465 2849 542 2912 ἀλλὰ
569 2851 666 2916 ταῦτα
693 2849 752 2933 μὲν
787 2849 864 2911 κατὰ
899 2849 932 2910 τὸ
965 2845 1113 2909 παλαιόν·
1147 2849 1287 2936 σὴμερον
1320 2847 1367 2927 δὲ,

244 2948 353 3035 ἐπειδὴ
372 2952 539 3039 μονοειδὴς
561 2950 645 3016 ἐστιν
666 2950 1012 3037 ἡιίπελευθερότηςίθ),
1036 2950 1082 3026 ὡς
1097 2948 1225 3036 εἴρηται,
1247 2947 1369 3013 όέλεν

192 3068 227 3120 25
244 3050 440 3138 θερσόμενος
462 3055 584 3128 πάντως
606 3053 718 3135 γίνεται
740 3053 863 3141 πολίτης
883 3056 1043 3139 ῥωμαῖος,
1066 3047 1104 3116 οἷν
1125 3051 1366 3138 διαφερομένων

244 3156 334 3242 ἡμῶν
356 3153 429 3219 οὔτε
450 3157 521 3239 περὶ
542 3155 725 3232 δεσποτείας
746 3155 819 3222 οὔτε
841 3157 912 3243 περὶ
935 3155 1052 3239 τρόπον
1080 3152 1266 3239 ἐλευθερίας
1294 3151 1370 3216 οὔτε

246 3259 315 3340 περὶ
336 3257 461 3345 ἡλικίας.

314 3449 337 3512 ¹)
354 3445 394 3500 ita
412 3446 441 3502 P.
459 3452 512 3499 cet.
530 3443 661 3514 ἐγμαςδτν.
765 3443 788 3510 ²)
806 3445 835 3496 ἐν
855 3445 972 3516 διαθήκη
995 3445 1049 3500 hic.
1066 3443 1096 3497 P.
1113 3441 1145 3497 F.
1162 3441 1196 3497 R.
1263 3442 1288 3510 ³)
1304 3441 1369 3496 add.

245 3532 295 3585 Ll.
321 3530 371 3586 [τ’.
396 3537 425 3586 ot
457 3531 543 3586 (Mose,
570 3545 640 3586 nom.
668 3545 727 3585 uoc.
759 3531 825 3584 Per
856 3545 1011 3586 mensam.
1063 3530 1118 3585 iam
1149 3527 1301 3584 coniecerat
1334 3527 1368 3582 Β.
1421 3579 1424 3584 .

244 3617 268 3685 ⁴)
287 3617 480 3686 σννδράμυσιν
497 3615 530 3670 R.
667 3618 691 3684 ὅ)
711 3614 789 3686 αὐτῷ
812 3613 845 3671 R.
982 3617 1006 3684 6)
1032 3616 1072 3684 ἐγ.
1098 3615 1206 3674 πάντας
1232 3615 1247 3666 ό
1272 3613 1310 3666 ἐλ.
1337 3613 1369 3666 Ρ.

246 3701 269 3765 7)
285 3702 322 3770 μὴ
340 3699 374 3755 R.
499 3701 524 3766 ⁸)
544 3702 615 3756 ἐτῶν
634 3700 696 3755 αλλὰ.
714 3699 737 3754 F
740 3741 747 3752 .
764 3698 797 3754 R.
922 3700 1024 3767 ⁹)‘add.
1047 3698 1080 3752 R.
1202 3699 1238 3765 1⁰)
1256 3697 1369 3749 ἐλευθε·

245 3785 295 3853 μία
310 3785 353 3840 vi.
