3038 4884
700 404 910 468 ..40-

249 591 400 678 γινομένῳ
429 593 506 674 καλέ)
537 593 590 679 τὴν
619 590 763 678 τοιαύτην
792 589 874 671 ἐπμ)
906 593 961 653 τοῦ
985 588 1173 674 μαινομένου
1183 587 1209 670 ³)
1232 585 1372 668 γίνεσθαι

250 697 422 760 συναίνεσιν
442 697 462 781 η
486 695 576 771 νόσος
597 693 633 760 οδ
660 696 831 782 συγχωρεῖν
867 692 894 758 ελ
929 692 965 756 δὲ
996 689 1166 776 δεξώμεθα
1195 689 1370 754 συναίνεσιν

250 797 327 862 εἶναι
352 800 388 860 τὸ
415 799 539 883 όρῶντα
564 799 616 860 τὸν
643 797 764 879 πατέρα
797 799 842 884 μη
873 794 1040 874 ἀντιλέγειν
1075 797 1121 880 τῷ
1153 792 1370 877 πραττομένῳ,

251 899 417 974 ἀκωλύτως
439 901 457 963 ό
478 901 578 984 γάμος
599 899 803 987 προβήσεται.
849 897 918 960 ἀλλ’
941 895 997 960 οὔκ
1028 897 1094 960 ἐστι
1123 899 1213 960 τοῦτο
1245 895 1372 980 ἀληθές.

217 1031 233 1080 5
252 1005 269 1067 ό
291 1004 352 1089 γὰρ
371 1003 559 1087 μαινόμενος
579 1008 704 1066 σιωπῶν
726 1003 761 1065 ου’
786 1005 937 1067 συναινεῖ·
960 1001 1076 1073 ἐκεῖνος
1095 999 1155 1082 γὰρ
1170 1002 1297 1063 σιωπῶν
1320 1022 1375 1062 συ-

251 1109 353 1183 ναινεῖ,
376 1106 412 1179 δς
434 1104 661 1191 αἰσθανόμενος
683 1109 735 1169 τοῦ
758 1105 919 1187 γινομένου
943 1103 1158 1167 ἐναντιοῦσθαι
1185 1101 1323 1178 δύναται,
1347 1100 1375 1164 εί

248 1209 292 1295 μὴ
314 1207 482 1293 ἀρέσκηται
504 1207 616 1292 τούτῳ.
649 1209 666 1270 ό
689 1207 725 1271 δέ
744 1209 893 1292 μεμηνώς
916 1209 1023 1294 σιωπᾷ
1047 1207 1214 1287 νικώμενος
1236 1203 1295 1267 ὑπὸ
1317 1209 1374 1268 τοῦ

251 1312 386 1392 πάθους,
420 1309 476 1398 οὐχ
502 1310 657 1398 ἡδόμενος
684 1313 730 1396 τῷ
758 1309 894 1393 γάμῳέ).
949 1309 1054 1396 ἐπειδὴ
1082 1305 1138 1372 οὖν
1167 1306 1275 1370 πολλαὶ
1304 1311 1375 1390 περὶ

251 1415 368 1479 τούτων
391 1415 484 1496 ww)
502 1418 632 1494 νομικῶν
655 1413 837 1497 ἀμφιβολίαι
859 1413 1015 1494 γεγόνασι,
1037 1411 1147 1494 γέγονε
1162 1409 1304 1486 διάταξις
1321 1413 1374 1472 τοῦ

202 1537 235 1590 10
252 1517 409 1605 ἡμετέρου
430 1515 586 1598 βασυλέως
601 1516 755 1600 τέμνουσα
772 1517 826 1603 τὴν
842 1516 1074 1603 ἀμφισβήτησιν
1095 1516 1145 1578 καὶ
1167 1513 1375 1597 ἐπιτρέπουσα

252 1623 298 1705 τῷ
320 1620 404 1684 παιδί
426 1621 479 1681 τοῦ
499 1619 687 1704 μαινομένου
709 1621 835 1702 νόμιμον
850 1621 958 1705 ἑαυτῷ
977 1618 1117 1702 λσβεῖνί)
1132 1621 1261 1700 γυναῖκα
1270 1617 1295 1699 τ)
1319 1618 1372 1702 τὴν

251 1726 306 1786 τοῦ
329 1723 448 1806 πατρὸς
467 1724 511 1807 μη
534 1722 747 1805 ἀνααένοντιῦ)
772 1724 957 1802 συναίνεσιν,
987 1725 1093 1806 ὥςπερ
1117 1724 1218 1809 καλτῇ
1241 1717 1377 1803 θυγατρί

253 1827 300 1908 (τὸ
323 1825 384 1907 γὰρ
407 1829 461 1910 τῆς
483 1825 641 1910 θυγατρὸς
656 1826 871 1910 ἀναμφίβσλον
894 1826 955 1912 ἦν),
980 1824 1210 1910 φυλαττόμενον
1233 1821 1374 1909 δηλονότι

122 2013 124 2020 y
253 1935 315 1992 τῶν
350 1935 385 2014 τῇ
419 1927 525 2014 ου’τῇ9)
553 1927 626 2015 θείᾳ
655 1928 883 2016 περιεχομένων
918 1927 1065 2001 διατάξει.
1127 1931 1154 1991 l.
1188 1925 1309 2009 Ἐπειδὴ
1338 1925 1373 1986 δὲ
1395 1944 1418 1992 1.

205 2065 236 2116 15
254 2031 421 2118 εἰρήκαμεν
443 2031 489 2093 ότι
505 2028 633 2115 έννομος
655 2031 754 2116 γάμος
777 2031 866 2106 ἐστὶν,
888 2031 976 2117 ἡνίκα
995 2033 1139 2116 ῥωμαῖσς
1157 2028 1301 2112 ὑπερβὰς
1321 2029 1375 2091 τδν

254 2121 285 2198 ιδ
313 2135 450 2197 ἐνιαυτὸν
481 2133 631 2218 ἀγάγηται
654 2134 802 2218 ,δωμαίαν
835 2131 934 2200 οὖσαν
963 2135 1092 2214 μείζονα
1121 2136 1182 2196 τῶν
1208 2120 1247 2214 ηδ
1276 2131 1376 2194 ἐνιαυ-

254 2237 374 2318 unum),
399 2234 462 2319 ἀρα
485 2237 533 2298 καί
555 2235 610 2299 έάν
631 2257 676 2309 τις
697 2236 781 2324 λάβῃ
809 2237 863 2323 τὴν
892 2237 971 2302 ἰδίαν
997 2234 1162 2322 μητέραῆ
1190 2233 1328 2319 ἀδελφὴν
1356 2231 1376 2318 ἢ

254 2338 426 2423 θυγατέρα,
457 2337 583 2423 θέμιτος
613 2340 629 2398 ό
659 2340 775 2423 γάμος;
804 2342 852 2402 καί
880 2339 1011 2420 λέγομεν
1039 2339 1200 2422 οὐδαμῶς·
1231 2337 1287 2400 εἰσὶ
1315 2335 1375 2418 γὰρ

254 2443 347 2525 γάμοι
368 2440 580 2522 κεκωλυμένοι.
626 2440 682 2504 Καὶ
706 2443 784 2525 πρὸς
806 2441 973 2528 κατάληψιν
997 2441 1114 2504 τούτων
1137 2439 1188 2527 ἔχε
1214 2442 1309 2502 ταῦτα
1332 2440 1378 2514 ῶς

204 2575 238 2625 20
255 2547 289 2608 έν
311 2543 572 2631 προθεωρίᾳ.θ)η
595 2544 756 2627 συγγένεια
779 2539 882 2628 ὅνομά
901 2545 965 2608 ἐστι
993 2547 1125 2624 γενικδν,
1156 2542 1318 2625 διαιρεῖται
1341 2539 1378 2603 δὲ

257 2648 301 2722 είς
323 2649 400 2733 τρία,
424 2649 468 2722 εἷς
490 2647 632 2721 ἀνίοντας
655 2647 699 2720 εἷς
721 2646 881 2720 κατίοντας
905 2649 954 2712 καί
982 2647 1055 2722 τοὺς
1084 2646 1119 2709 ἐκ
1148 2645 1284 2727 πλαγίου.
1330 2645 1378 2706 καὶ

256 2751 393 2825 ἀνίοντες
419 2751 477 2835 μέν
512 2751 583 2813 εἰσιν
611 2753 639 2813 οί
668 2752 750 2837 ημᾶς
778 2751 1014 2835 γεγεννηκότες,
1045 2749 1109 2814 οἷον
1143 2747 1244 2833 πατὴρ
1272 2747 1378 2832 μήτηρ

257 2855 379 2926 πάππος
410 2854 522 2938 μάμμη
555 2854 653 2916 καλοί
679 2851 722 2916 ἔτι
748 2851 866 2915 τούτων
894 2854 1067 2936 ἀνώτεροι·
1098 2851 1253 2924 κατίοντες
1283 2849 1320 2913 δὲ
1350 2850 1378 2912 οἳ

256 2952 295 3027 ἐξ
306 2956 396 3040 ημῶν
411 2957 613 3036 γεννώμενοι·
637 2955 701 3018 οἷον
717 2956 780 3029 υίὸς
795 2954 937 3042 θυγάτηρ
955 2953 1081 3036 ἔκγονος
1096 2954 1205 3041 έκγόνη
1228 2954 1277 3017 καί
1292 2954 1321 3017 οἱ
1336 2951 1380 3015 ἔτι

206 3084 239 3134 25
258 3057 375 3122 τούτων
388 3057 565 3142 κατώτεροι,
578 3057 614 3120 ἐκ
629 3059 755 3138 πλαγίου
772 3057 807 3120 δὲ
827 3060 856 3120 οί
871 3058 950 3146 μήτε
966 3059 1049 3144 ημᾶς
1068 3057 1286 3141 γεγεννηκότες
1298 3058 1380 3140 μήτε

257 3161 295 3234 ἐξ
314 3162 402 3247 ημῶν
418 3160 613 3241 γεννώμενοι,
632 3164 686 3244 τῆς
709 3158 741 3221 δ’
757 3159 853 3246 αὐτῆς
869 3164 964 3244 γονῆς
980 3160 1030 3222 καὶ
1040 3157 1134 3245 ῥίζης
1149 3160 1220 3245 ημῖν
1236 3181 1379 3220 κεκοινω-

258 3266 391 3352 νηκότες,
408 3261 471 3325 οἷον
488 3262 627 3345 ἀδελφὸς
641 3261 763 3349 ἀδελφὴ
778 3260 866 3338 θεῖος
880 3260 952 3324 θεία
969 3262 1060 3324 καλοί
1075 3261 1108 3323 ἐκ
1124 3259 1241 3324 τοότων
1254 3259 1381 3340 καταγό-

255 3389 353 3452 μενοι.
386 3366 406 3451 η
430 3363 466 3426 δέ
487 3363 522 3426 ἐκ
543 3363 670 3445 πλαγίου
693 3362 854 3444 συγγένεια
877 3362 1039 3445 διαιρεῖται
1061 3362 1104 3436 τίς
1119 3361 1187 3440 δύο,
1203 3362 1249 3436 εἷς
1263 3359 1381 3442 αάςυό-

257 3468 353 3548 tus¹¹)
383 3467 432 3529 καὶ
458 3464 619 3548 σοςυόλυε.
658 3467 708 3529 καὶ
740 3463 892 3547 adgnzitoi
922 3465 997 3528 εἰσὶν
1031 3466 1059 3529 οί
1091 3464 1128 3537 ἐξ
1156 3463 1382 3548 άρρενογονίας

207 3593 242 3645 3ο
258 3573 329 3658 ημῖν
358 3569 591 3653 συναπτόμεναι,
615 3568 679 3632 οἷον
702 3567 840 3652 ἀδελφὸς
862 3569 1052 3651 ὁμοπάτριος
1074 3565 1094 3652 ί)
1116 3567 1237 3652 ἀδελφὴ
1245 3565 1284 3650 ¹²)
1308 3567 1382 3650 ὁμο·

327 3777 350 3840 ¹)
368 3773 393 3828 d.
411 3773 443 3827 R.
568 3773 591 3840 ί)
610 3773 660 3826 ὑπὸ
678 3773 712 3841 ej.
730 3773 761 3828 G.
889 3773 913 3840 3)
931 3773 1012 3836 νόμου
1030 3771 1060 3824 Ρ.
1188 3772 1212 3836 4)
1231 3770 1281 3840 υάχ
1298 3769 1380 3839 ἡδέως

260 3860 328 3931 ἔχων
346 3859 379 3914 R.
529 3861 552 3925 ⁵)
570 3858 642 3912 (1.1).
787 3859 810 3927 6)
828 3857 977 3924 λαμβάνειν
998 3858 1029 3912 F.
1176 3857 1199 3924 ⁷)
1217 3855 1261 3908 καὶ
1279 3856 1328 3908 ins.
1347 3852 1380 3908 R.

259 3946 282 4014 8)
301 3945 443 4009 ἀναμένειν
461 3945 494 3998 R.
656 3945 679 4011 9)
698 3944 722 3998 d.
740 3943 773 3998 R.
790 3948 827 4014 τῇ
845 3945 872 3998 θ.
895 3944 981 4014 ταύτῃ
1000 3944 1029 3997 P.
1193 3944 1227 4009 1⁰)
1251 3943 1322 3994 ἐτῶν
1349 3939 1382 3993 R.

259 4032 363 4100 11)L1.
381 4033 414 4086 de
433 4037 543 4085 σείεται.
561 4029 706 4098 scriptione
725 4030 758 4083 cf.
775 4028 808 4083 R.
826 4033 868 4084 91.
976 4029 1011 4098 12)
1030 4028 1055 4082 d.
1073 4029 1102 4082 P.

328 4119 355 4182 a)
373 4116 412 4170 Of.
431 4116 491 4184 Epi.
509 4120 558 4183 22,
584 4120 645 4184 lsq.
669 4121 697 4168 et
713 4115 833 4183 Theoph.
850 4118 882 4178 3,
900 4118 917 4168 2
934 4130 993 4182 pn:
1019 4115 1088 4182 Epa.
1112 4115 1157 4182 17¹,
1181 4119 1203 4168 1.
1240 4112 1337 4167 Proch.
1355 4114 1382 4175 7,

262 4207 324 4271 lsq.
341 4201 405 4256 Bas.
423 4205 466 4270 28,
484 4207 511 4267 ὅ,
532 4202 622 4255 1.Att.
640 4203 683 4268 21,
703 4203 767 4268 lsq.
