3038 4884
708 398 920 462 ..63-

259 603 353 658 ονται,
375 581 403 643 οί
425 581 461 644 δὲ
484 581 776 665 κουρατορεύονται,
803 585 833 646 οί
855 583 890 647 δὲ
919 584 993 648 ούδὲ
1020 584 1276 670 ἐπιτροπεύονται
1304 587 1380 652 οὐδὲ

258 683 545 770 κουρυτορεύονται.
594 685 662 748 ἀλλ’
691 685 799 774 ἐπειδὴ
828 689 934 754 πολλοί
957 689 1031 754 ελσιν
1062 692 1090 754 οί
1116 690 1294 778 μηδετέρου
1322 712 1380 772 με·

258 784 398 874 τέγοντες
407 786 442 868 ¹),
465 785 599 870 εἴπωμεν
624 788 695 864 τούς
716 787 1016 876 ἐπιτροπευομένοος
1038 795 1086 857 καί
1108 793 1377 880 κουρατορευυμέ·

258 909 339 962 νους.
378 890 405 951 ιιί
428 888 520 973 γὰρ’)
542 891 586 977 μη
609 890 695 966 όντες
716 890 752 956 ἐν
777 893 894 968 τούτοις
917 894 1058 980 δηλονότι
1079 895 1114 960 ἐν
1136 895 1266 973 ἐκείνοις
1289 897 1377 961 εἰσίν.

223 1006 240 1056 ό
258 994 305 1056 καί
327 993 480 1080 πρότερον
503 997 705 1082 σκοπήσομεν
730 996 876 1079 περὶτῶν
893 997 950 1061 ύπὸ
966 996 1142 1084 ἐπιτρόπων
1158 999 1375 1080 restobvrwffl)

257 1093 337 1170 τέως
364 1095 400 1158 δὲ
427 1097 563 1183 ὀφείλεις
591 1097 720 1176 είθέύαι,
750 1090 796 1162 ύτι
824 1099 981 1182 ἀλλότριον
1012 1097 1205 1173 ύπεξυυσίων
1239 1101 1306 1166 ἐστὶ
1339 1103 1376 1164 τό

256 1195 534 1280 ἐπιτροπεύεσθαι,
557 1199 633 1265 ἴδιον
656 1201 691 1264 δὲ
713 1203 776 1264 τῶν
799 1201 1017 1275 αότεξουσίων.
1071 1209 1098 1270 l.
1133 1203 1190 1268 Καὶ
1209 1204 1290 1279 τέως
1311 1205 1377 1288 ύρι-
1398 1202 1419 1253 l.

256 1299 389 1383 οιύμεθα
411 1303 441 1366 τί
467 1299 549 1367 ἐστιν
578 1301 739 1391 ίπίτροπη.
791 1301 943 1392 ἐπιτροπὴ
970 1303 1068 1384 ἐστιν,
1099 1308 1144 1384 ὡς
1171 1308 1188 1370 ό
1215 1304 1377 1389 δύτυὶοεέ)

257 1404 436 1487 ό,οίζεται,ὓ)
472 1405 588 1470 όίκαιόν
610 1429 638 1470 τι
660 1405 856 1480 καὶίέξουσία
878 1406 948 1473 κατ’
975 1407 1149 1495 ἐλευθέρας
1172 1408 1310 1494 κεφαλῆς
1332 1408 1379 1471 θι-

208 1514 239 1565 10
256 1505 371 1590 θομένη
394 1509 442 1570 καὶ
465 1510 543 1593 πρὸς
565 1508 739 1594 ἀσφάλειαν
760 1509 856 1596 αὐτῆς
878 1508 1130 1596 έπινενοημένηῦ)
1153 1509 1173 1596 ἢ
1196 1510 1296 1574 διὰτὸ
1318 1511 1376 1596 τῆς

254 1609 369 1694 ἡλικίας
391 1611 531 1691 ἀτελὲςί)
554 1611 590 1674 ού
613 1610 818 1698 όυναμένηςῗ)
841 1612 937 1700 αὐτῆς
958 1611 1054 1700 ἑαυτῇ
1071 1614 1251 1696 προίστάναι
1264 1610 1301 1676 ἐκ
1319 1617 1377 1698 τῆς
1509 1701 1510 1704 ¹

255 1712 405 1801 πολιτικῆς
427 1711 588 1796 ἀκριβείας
608 1712 862 1800 ἐπιτετραμμένη.
909 1714 938 1777 2.
970 1711 1143 1799 Ἔπίτροποι
1169 1714 1270 1779 τοίνυν
1294 1714 1373 1778 είσλν
1392 1729 1417 1780 2.

207 1851 211 1860 ·
254 1813 283 1873 οί
302 1813 357 1898 τὴν
371 1813 543 1901 ,εἰρημένην
566 1815 693 1896 δύναμίν
721 1838 756 1879 τε
780 1817 827 1878 καί
848 1813 994 1889 ἐξουσίαν
1017 1815 1154 1904 ἔχοντες,
1178 1815 1233 1893 οὓς
1255 1817 1375 1904 ἀνάγκη
1485 1810 1503 1896 ,’

254 1915 400 1999 πρόνοιαν
421 1915 575 1981 ποιεῖσθαι
595 1915 651 1982 τοῦ
674 1918 744 1982 νέου
768 1920 815 1982 καί
836 1917 874 1981 τὰ
888 1918 998 1982 τούτου
1015 1919 1178 2000 φυλάττειν
1193 1920 1373 2004 πράγματα.

208 2023 238 2074 15
255 2014 295 2090 ἐξ
314 2018 407 2081 αὐτοῦ
431 2019 467 2082 δὲ
487 2024 542 2084 τοῦ
566 2019 622 2086 ὑπ’
645 2021 747 2084 αὐτῶν
770 2021 983 2106 πραττομένου
1006 2020 1059 2107 τὴν
1075 2021 1286 2107 προσηγορίαν
1301 2021 1376 2086 ἐδέ-

255 2121 356 2193 ξαντο.
401 2121 537 2209 ελρηνται
559 2124 619 2208 γὰρ
638 2126 791 2210 ῥωμαϊστὶ
811 2131 935 2190 tutores
956 2125 1048 2208 quasi
1070 2124 1205 2190 tuitores
1221 2123 1300 2200 τινὲς
1321 2124 1374 2186 ι’ίν-

252 2246 313 2304 τες,
337 2225 451 2290 ὡσανεὶ
465 2224 500 2291 ἐν
524 2227 746 2312 ἀσφαλεστέρᾳ
768 2229 854 2300 τάξει
874 2227 1027 2310 τιθέμενοι
1049 2229 1087 2291 τὰ
1110 2231 1163 2290 τοῦ
1187 2227 1257 2292 νέου
1272 2229 1374 2314 πράγ·

250 2352 336 2412 ματα
358 2333 406 2393 καί
438 2331 631 2418 πανταχόθεν
654 2331 747 2394 αὐτὸν
776 2329 1021 2397 όοίθυᾱθύουόοε
1043 2331 1148 2413 ὥςπερ
1176 2328 1371 2414 aeditores⁸)

253 2431 391 2514 λέγονται
413 2435 441 2496 οἱ
463 2435 555 2518 ἱερεῖς
582 2434 672 2517 quasi
699 2434 784 2517 qui⁹)
816 2433 911 2499 aedes
938 2438 1069 2498 tuentur
1077 2435 1130 2516 ¹⁰),
1160 2432 1268 2506 οἵτινες
1297 2432 1372 2507 τοὺς

202 2548 236 2599 10
254 2535 346 2608 ναούς
368 2536 596 2618 άσφαλίζονται.
634 2536 663 2601 3.
702 2536 844 2619 Εἴπωμεν
868 2536 949 2618 ὃεῑῑ)
972 2537 1049 2600 κατὰ
1071 2537 1197 2623 πρωτην
1219 2536 1305 2608 τάξιν
1329 2535 1370 2598 τί·
1390 2542 1415 2593 a
1505 2567 1506 2627 .

253 2657 302 2710 νες
329 2638 385 2700 τίσι
414 2640 690 2722 καταλιμπάνοοσιν
718 2637 911 2725 ἐπιτρόπους.
964 2637 1151 2724 ἐπιτρόπους
1180 2639 1371 2721 καταλιμπά-
1503 2646 1506 2655 “

252 2762 338 2802 νουοι
358 2742 421 2814 τοῖς
450 2740 687 2823 ύπεξουσίοιςῑέ)
717 2743 745 2804 οί
773 2741 907 2827 πατέρες
932 2740 968 2804 ἐν
997 2740 1147 2828 διαθήκη,
1182 2739 1278 2805 καίτοι
1307 2741 1371 2821 πρὸ

250 2843 397 2930 βραχέως
421 2842 562 2926 είπαςῑθ),
585 2835 632 2908 ίίτι
655 2844 813 2931 ἀλλότριον
837 2843 1028 2918 ύπεξουοίων
1052 2843 1089 2932 ἦν
1111 2845 1146 2906 τὸ
1169 2836 1372 2926 ἐπιτροπεύε-

251 2943 334 3009 σθαι.
381 2945 450 3008 ἀλλ’
473 2946 607 3030 όφείλεις
629 2946 743 3010 εἰδέναι
772 2937 818 3009 ίίτι
845 2948 1122 3026 καταλιμπάυιινται
1148 2945 1205 3027 μὲν
1237 2944 1371 3014 ύπεξου·

200 3059 233 3112 25
251 3046 329 3124 σίοις
350 3044 419 3110 ούσι
440 3051 504 3121 τοῖς
526 3048 636 3127 παισίν,
657 3047 738 3132 μετὰ
760 3047 872 3134 δὲτὴν
896 3048 1039 3133 τελευτὴν
1068 3044 1123 3109 τού
1154 3046 1283 3128 πατρός,
1309 3037 1370 3108 ὅτε

249 3151 396 3234 γένωνται
418 3152 447 3214 σί
467 3151 575 3227 παῖδες
597 3150 797 3224 αύτεξούσιοι.
843 3150 911 3214 τότε
934 3150 994 3234 γὰρ
1018 3151 1065 3212 καί
1091 3149 1189 3237 ἷσγύει
1199 3149 1236 3230 ¹⁴)
1266 3149 1302 3211 τὰ
1330 3145 1369 3212 ἐν

315 3389 339 3450 ι)
357 3388 480 3442 τουτέστι
500 3387 568 3454 μηδὲ
590 3387 749 3457 ἐπιτροπίας
770 3388 840 3460 μηδὲ
865 3387 1061 3456 κουρατορείας
1086 3385 1115 3440 Ρ.
1287 3385 1309 3452 ²)
1332 3385 1368 3438 δὲ

247 3473 289 3525 Vi.
307 3472 338 3526 R
441 3474 464 3540 ³)
484 3474 732 3542 ἐπιτροπευομένων
751 3472 795 3529 vi.
895 3476 918 3538 ⁴)
936 3474 951 3524 ὁ
968 3473 1065 3542 ρέσόος
1082 3469 1143 3540 Epi.
1264 3474 1287 3536 ⁵)
1305 3471 1365 3522 ἐπι-

248 3557 377 3626 νοουμένη
394 3557 486 3614 Harm.
624 3559 647 3622 6)
664 3560 681 3628 ἢ
700 3558 742 3610 διὰ
761 3559 792 3610 τό
811 3563 860 3628 τῆς
876 3557 1016 3625 ὰπρογίας.
1034 3556 1168 3626 bameh)
1185 3557 1279 3611 Ham.
1296 3555 1364 3608 item

247 3644 308 3712 Epi.
325 3647 368 3711 36,
385 3647 410 3711 2,
428 3659 497 3712 quae
515 3643 533 3699 l.
552 3643 709 3712 εὐπραγίας.
783 3645 806 3714 7)
825 3643 1010 3707 ἀδυνατούσης
1027 3643 1057 3697 Ρ.
1131 3642 1155 3708 ⁸)
1168 3641 1300 3696 ›aeditui‹
1318 3640 1365 3696 Vi.

246 3715 327 3784 Βίου
343 3729 407 3784 lust.
425 3729 471 3785 lat.
495 3735 537 3784 net
555 3730 721 3784 ›aeditores‹
745 3735 803 3783 tum
820 3729 871 3782 L1.
889 3727 937 3782 11²·
954 3727 998 3791 P..
1023 3731 1080 3782 tum
1103 3731 1131 3780 et
1154 3726 1235 3795 paris.
1261 3725 1364 3796 legunt,

246 3819 277 3869 ut
294 3815 324 3868 F.
343 3821 465 3869 testatur.
574 3815 598 3881 9)
615 3815 662 3883 qui
679 3815 710 3871 F.
728 3814 761 3870 R.
781 3814 855 3868 euasi
873 3814 920 3868 Ll.
939 3813 989 3867 Ιιῖ.
1093 3813 1127 3879 1⁰)
1146 3813 1287 3866 τουτέστιν
1300 3807 1363 3865 add.

246 3897 288 3953 Vi.
306 3899 352 3954 R.:
369 3900 431 3970 ἤτοι
448 3900 532 3970 ἱερεῖς
550 3900 690 3967 ἐπίτροποι
708 3899 769 3955 add.
788 3899 838 3955 11².
924 3902 958 3966 11)
977 3897 1003 3954 d.
1022 3898 1062 3953 Vi.
1081 3898 1112 3952 R.
1217 3898 1251 3966 Ιἐ)
1269 3897 1360 3951 παισίν

246 3986 305 4041 add.
324 3986 416 4041 1111.
519 3987 554 4053 1θ)
573 3984 683 4049 εἴπομεν
702 3985 746 4040 Vi.
764 3985 796 4040 R.
901 3987 935 4052 14)
953 3982 1059 4055 ίοχύσει
1076 3983 1106 4039 Ρ.
1124 3983 1156 4039 F.
1175 3983 1208 4038 R.

312 4092 339 4156 ε)
356 4090 423 4144 haec
440 4088 522 4144 habet
538 4090 702 4159 Harmenop.
718 4095 743 4156 5,
764 4095 802 4144 11.
824 4095 845 4144 1.
880 4088 967 4144 Gloss.
984 4104 1053 4146 nom.
1072 4089 1121 4144 sub
1139 4105 1197 4145 υοα
1267 4085 1294 4154 b)
1314 4083 1361 4156 ἄη-

244 4177 294 4236 θες
310 4174 344 4243 cj.
362 4175 500 4244 Schulting
518 4176 560 4230 ad.
579 4175 665 4230 Gloss.
