3058 4890
706 395 942 464 ...227-

265 578 359 658 αὐτὸς
385 579 544 652 εόίίείιωυ
573 581 679 668 ἑωυτῷ
706 580 903 668 προςπορίζει
931 583 985 667 τήν
1015 582 1230 667 κληρονομίαν.
1280 580 1331 644 καί
1359 578 1394 642 ἐν

265 685 382 758 τούτοις
411 688 478 760 τοῖς
507 684 621 768 θέμασι
643 686 801 774 χρήσιμον
838 681 924 748 ἔστω
958 686 992 748 τό
1021 685 1170 774 ληγάτον,
1205 682 1393 766 διακέκριται

265 786 326 872 γὰρ
349 787 383 850 τό
405 785 575 874 πρόσωπον
598 789 652 849 τοῦ
674 785 867 872 κληρονόμου
888 784 939 850 καί
966 789 1022 850 τοῦ
1052 786 1250 873 ληγαταρίου.
1296 785 1390 870 δυνή-

267 913 359 974 σομαι
381 888 441 972 γὰρ
465 889 542 952 κατὰ
566 891 620 952 τοῦ
642 886 915 973 ἐλευθερωθέντος
934 890 985 953 καί
1013 888 1231 954 aditel'lsantos
1260 886 1280 974 ῆ
1309 887 1387 950 κατὰ

232 995 320 1056 υτυῖι
343 993 447 1054 καινοῦ
469 989 623 1055 δεσπότου
646 989 736 1054 κινῶν
758 991 896 1054 ἀπαιτεῖν
919 992 952 1055 τὸ
975 992 1117 1076 ληγάτον.
1162 991 1189 1056 ελ
1211 991 1246 1054 δέ
1269 987 1314 1053 ἔτι
1335 989 1390 1071 μέ·

267 1113 328 1157 νων
349 1093 383 1156 ἐν
405 1095 442 1179 τῆ
464 1093 523 1180 ἐμῆ
549 1092 777 1178 όπεξουστότητι
804 1095 841 1179 τῆ
870 1092 930 1180 ἐμῆ
958 1093 1097 1158 κελεύσει
1123 1093 1289 1180 οᾶίδοίιεη,
1321 1091 1390 1165 έξοι·

268 1195 376 1261 σθενεῖ
404 1198 439 1258 τό
469 1197 616 1282 ληγάτον·
645 1195 825 1279 εὑρίσκομαι
852 1197 913 1280 γὰρ
943 1195 1007 1278 ἐγὼ
1033 1197 1081 1261 καὶ
1110 1197 1299 1284 ληγατάριυς
1328 1197 1389 1259 ἀπὸ

266 1302 321 1385 τῆς
341 1301 467 1384 γραφῆς
487 1297 537 1362 καλ
554 1298 746 1384 κληρονόμος
767 1298 827 1362 ἀπὸ
850 1302 904 1362 τοῦ
925 1297 1166 1385 προςπορισμοῦ.
1213 1301 1263 1364 34.
1299 1299 1433 1364 Ant034.

266 1399 393 1467 heredis
429 1400 691 1484 institutionem1)
720 1401 886 1488 ἀχρήστως
915 1401 1124 1487 ληγατεόομεν
1148 1400 1228 1483 καῖ’)
1252 1402 1389 1477 εἰκότως,

218 1513 250 1568 10
267 1503 373 1589 ἐπειδή
396 1503 427 1566 αί
449 1501 595 1589 διαθῆκαι
615 1504 670 1590 τήν
697 1502 782 1590 λσγδν
812 1504 1037 1588 λαμβάνουσιῖ)
1068 1503 1101 1568 ἔκ
1130 1509 1184 1590 τῆς
1213 1503 1390 1576 ἐνστάαεως

267 1612 329 1670 τῶν
352 1605 559 1692 κληρονόμων.
603 1604 650 1668 διὸ
673 1605 792 1690 κεφαλή
815 1603 921 1690 ὥςπερ
951 1607 998 1668 καί
1028 1604 1172 1686 θεμέλιος
1202 1609 1256 1690 τῆς
1287 1606 1391 1691 πάσης

266 1708 419 1797 διαθήκης
441 1707 517 1771 εῖναι
544 1712 658 1772 νοεῖται
686 1710 740 1772 τοῦ
769 1707 961 1793 κληρονόμου
987 1709 1007 1794 ή
1038 1705 1191 1784 ἔνστασις,
1222 1707 1303 1782 ὥςτε
1333 1705 1388 1769 οὖν

267 1813 302 1876 τὸ
323 1811 624 1896 καταλιμπανόμενον
653 1806 787 1897 πρὸτῆς
809 1810 986 1886 ἐνστάσεως
1008 1813 1061 1874 τοῦ
1083 1810 1277 1896 κληρονόμου
1300 1809 1389 1882 ἐκτὸς

267 1911 343 1978 εἶναι
376 1911 464 1977 δοκεῖ
488 1917 544 1999 τῆς
572 1911 732 1999 διαθήκης.
782 1915 828 1998 τῷ
861 1910 977 1998 αότῷέ)
1006 1913 1088 1996 λόγῳ
1119 1912 1193 1977 οὐδὲ
1220 1911 1388 1993 ἐλευθερία

218 2022 250 2075 15
269 2018 328 2098 πρὸ
351 2012 529 2092 ἔνστάσεως
555 2015 700 2082 δίδοσθαι
728 2015 895 2096 δόναταιδ)
946 2014 1014 2078 ἀλλ’
1046 2015 1150 2099 ἐπειδή
1178 2013 1292 2078 άτοπυν
1322 2013 1389 2077 ἐνό-

265 2117 385 2200 μισενθ)
418 2118 436 2182 ό
469 2114 631 2194 θειότατος
662 2119 750 2204 ήμῶν
771 2115 918 2200 βασιλεὺς
943 2116 997 2203 τήν
1023 2116 1081 2201 μὲν
1107 2117 1193 2189 τάξιν
1220 2118 1304 2202 ήμᾶς
1332 2140 1389 2180 πα-

264 2220 473 2304 ραφυλάττειν
497 2222 551 2304 τῆς
579 2218 641 2301 ένί)
669 2219 803 2306 διαθήκη
831 2223 973 2304 γραφῆς,
1011 2220 1091 2300 όπερ
1120 2221 1170 2282 καὶ
1194 2220 1252 2303 ὑπ’
1284 2217 1387 2282 αὐτῶν

267 2324 396 2409 ἐῴέγετο
420 2328 480 2387 τῶν
503 2323 651 2412 ἀρχαίων,
675 2329 881 2409 καταφρονεῖν
904 2323 939 2386 δέ
963 2326 1019 2409 τῆς
1048 2327 1108 2387 τῶν
1135 2323 1387 2410 τελευτησάντων

266 2425 467 2512 βουλήσεως,
499 2424 616 2490 τέθεικε
643 2425 779 2498 διάταξιν
809 2427 855 2488 δι’
884 2426 923 2512 ῆς
950 2426 999 2488 καί
1026 2428 1060 2489 τό
1089 2421 1191 2510 παρὸν
1225 2425 1388 2508 ἐλάττωμα

216 2530 250 2583 20
268 2526 465 2608 διώρθωσεν,
488 2528 568 2602 όςτε
590 2525 702 2601 ἐξεῖναι
725 2527 774 2591 καί
807 2532 899 2593 »ουλε
925 2527 1052 2593 heredis
1079 2528 1314 2593 institutiones«
1340 2528 1388 2591 καὶ

269 2629 371 2696 »inter
395 2630 516 2696 medias
538 2629 691 2695 heredum
706 2630 939 2695 institutiones«
964 2631 1096 2718 ληγάτυν
1110 2632 1160 2694 καὶ
1175 2631 1280 2715 πολλῷ
1295 2631 1387 2693 πλέον

267 2731 450 2816 ἐλευθερίαν
483 2735 735 2818 καταλιμπάνειν,
769 2735 835 2820 ήτις
864 2731 1029 2820 ἐλευθερία
1059 2733 1201 2819 πλείστης
1234 2732 1387 2819 ῆξιιόθηῧ)

267 2833 414 2920 σπουδῆς.
439 2835 487 2898 καὶ
512 2840 604 2900 »ante
625 2833 753 2902 heredis
773 2835 830 2918 μὲν
838 2835 863 2917 ⁹)
886 2835 1137 2900 institutionem«
1162 2834 1298 2917 ἐστὶνᾼΟ)
1323 2834 1388 2898 οἷον

267 2936 322 3001 ἐὰν
345 2934 420 2999 εἴπω
444 2935 618 3026 ἀρχόμενος
647 2940 701 3023 τῆς
727 2936 880 3024 διαθήκης
906 2937 1021 3014 οότως·
1052 2937 1259 3025 ληγατεόω
1288 2937 1389 3024 τῷδε

216 3039 402 3108 κῠὲκατόν
427 3038 648 3122 νομίσματα
670 3036 689 3124 ή
714 3035 836 3103 »ἔστω
864 3040 881 3104 ό
910 3039 1018 3104 δεῖνα
1047 3039 1308 3127 ἐλεόθερος,«
1340 3041 1389 3103 καλ

266 3142 346 3228 μετὰ
368 3145 465 3205 ταῦτα
488 3140 652 3223 ἐπαγάγω·
679 3139 803 3205 »ἔστω
828 3164 900 3227 μου
928 3143 945 3206 ό
978 3141 1085 3206 δεῖνα
1109 3141 1386 3228 κληρονόμος.ι

271 3245 372 3311 »inter
393 3241 516 3308 medias
539 3242 1050 3326 32¹1)her0duminstituti0nes‹
1076 3242 1155 3308 ἐστὶν
1178 3244 1265 3331 ήνίκα
1294 3240 1387 3307 είπιι·

270 3344 392 3409 »ἔστω
422 3368 495 3428 μου
528 3343 683 3410 Primos
716 3347 966 3433 κληρονόμος
998 3347 1055 3421 είς
1085 3345 1133 3419 ἐξ
1161 3343 1387 3428 οὔγτίας,”)

90 3465 93 3474 ’
222 3511 225 3520 ,
268 3447 471 3534 ληγατεόω
501 3447 649 3534 τῷδεῐέ)
681 3448 818 3516 ἑκατὸν
850 3449 1091 3533 νομίσματα(
1123 3447 1232 3534 (ήγουν
1263 3446 1386 3512 »ἔστω

216 3565 252 3619 30
270 3549 489 3635 ἐλεύθερος
509 3549 688 3640 Στῒγοςό
710 3551 925 3639 ολιέτηςι),
948 3551 1097 3635 ἐπαγάγω
1128 3551 1163 3616 δὲ
1188 3551 1271 3636 μετὰ
1293 3549 1388 3617 ταῦτα

338 3837 513 3909 1)ήτοιπρό
531 3839 701 3910 κληρονόμου
724 3839 882 3899 ἐκστάσεως
905 3841 971 3910 (πρό
993 3840 1066 3894 ἐνστ.
1087 3843 1140 3893 τοῦ
1161 3841 1200 3893 κλ.
1224 3840 1267 3895 vi.
1289 3839 1334 3906 R.)
1357 3840 1388 3892 V.

270 3923 321 3977 12⁶.
338 3921 380 3976 Vi.
396 3922 429 3978 R.
442 3923 487 3977 ad.
604 3922 628 3990 ἐ)
645 3923 688 3978 εδ.
707 3937 742 3977 ex
758 3923 796 3978 Μ.
815 3924 857 3978 vi.
874 3923 907 3979 R.
1026 3924 1049 3992 ³)
1069 3943 1153 3977 -ωσι
1170 3925 1210 3981 Μ.
1228 3923 1340 3996 ἔχουσαι
1356 3924 1388 3989 V,

270 4008 294 4075 4)
314 4003 405 4079 Τοότφ
423 4011 461 4078 τῷ
479 4005 521 4062 vi.
539 4007 571 4061 R.
673 4009 696 4075 ὅ)
714 4008 770 4062 δάν.
789 4008 838 4063 δίδ.
855 4008 888 4064 V.
959 4010 982 4076 ⁶)
1000 4009 1069 4063 εῖναι
1088 4009 1130 4065 αδ.
1149 4009 1190 4063 vi.
1211 4008 1243 4064 R.
1311 4010 1335 4077 ⁷)
1351 4007 1389 4080 τῆ

272 4091 314 4147 σά.
331 4093 374 4148 vi.
390 4094 424 4150 R.
493 4095 516 4161 ⁸)
533 4094 601 4165 διηέ.
621 4095 654 4150 V.
705 4094 728 4162 ⁹)
747 4094 764 4163 ή
782 4094 824 4149 εδ.
841 4094 881 4148 Μ.
949 4097 985 4161 1⁰)
1005 4095 1031 4151 d„
1048 4093 1080 4151 V.
1099 4096 1140 4150 vi.
1160 4095 1192 4150 R.
1270 4096 1306 4163 11)
1317 4093 1388 4148 Ad&

273 4193 307 4235 ex
323 4179 362 4233 M.
430 4177 762 4248 1²)nad.121.12².1.⁶.
863 4180 1220 4252 1’)κολτῷδεοᾱ.ῩὶΒ.
