3038 4884
706 387 918 454 ..33-

257 574 507 660 ἀναφηλαφᾶται,
529 580 586 662 τῆς
608 574 791 658 ἐλευθερίας
813 576 991 661 προβάσης.
1040 573 1210 660 λεγομένης
1236 573 1294 657 μὲν
1316 571 1379 656 γὰρ

256 675 386 762 αάτῆςῑ)
409 676 561 741 ἀντειπεῖν
583 675 685 750 ἔξεστι
705 680 755 743 καί
775 680 830 764 τὴν
853 677 969 764 ταύτης
996 677 1081 742 δόσιν
1111 677 1255 802 ἐπιογεῖν,
1278 676 1379 759 ἁρμο-

257 782 358 866 πάσης
391 777 427 844 δέ
448 778 517 870 ἤδη
553 783 613 856 πᾶς
638 779 737 862 λέγων
767 778 1016 867 πεπλασμένηνί)
1050 779 1126 844 εἶναι
1159 781 1213 866 τὴν
1247 775 1378 860 εὔλογον

256 880 355 944 αἰτίαν
380 879 539 955 ἀπίθανος.
593 884 622 945 7.
645 880 767 970 Ἐπειδὴ
796 882 832 946 δέ
854 883 1021 972 ελρηιιαμεν
1043 885 1090 946 ὅτι
1112 885 1130 946 δ
1153 881 1291 945 ἐλάττων
1312 883 1422 947 τῶνΊ.

221 1000 239 1052 ⁶
267 1007 285 1046 τι
305 983 453 1048 ἐνιαυτῶν
461 983 487 1066 ⁸)
509 984 749 1070 ἐλευθεροῦν’
715 1009 750 1048 ου
773 985 909 1064 δύναται,
933 986 960 1049 ελ
979 987 1023 1073 μὴ
1044 983 1216 1067 εὔλογον”
1186 1007 1255 1070 ειπῃ
1279 981 1378 1046 αλτίαν

256 1086 289 1152 ἐν
312 1087 460 1173 consih50,
484 1087 630 1152 ἐντεῦθεν
653 1089 829 1175 ἀναφύεταί
852 1113 880 1152 τι
910 1090 1100 1172 παράδοξον.
1130 1085 1293 1173 συμβαίνει
1314 1085 1376 1169 γὰρ

255 1192 309 1253 τὸν
329 1190 388 1274 μὲν
408 1190 537 1272 μείζονα
563 1195 627 1255 «7»
650 1190 681 1254 ιδ
701 1190 852 1254 ἐνιαυτῶν
874 1190 1030 1255 δύνασθαι
1051 1191 1169 1279 ληγοίτα
1191 1188 1378 1271 καταλιμπά

257 1317 318 1358 νειν
340 1295 463 1357 πολλῶν
485 1293 556 1366 ἄξια
579 1296 776 1378 νομισμάτων
799 1296 847 1356 καί
869 1293 1066 1358 διατίθεσθαι
1094 1295 1142 1357 καί
1164 1291 1377 1379 κληρονόμους

256 1398 377 1462 ἐνιοτᾶν
414 1399 463 1460 καί
500 1398 586 1470 ὅπως
617 1395 765 1480 βούλεται
805 1397 859 1484 τὴν
893 1398 1006 1462 ἑαυτοῦ
1044 1393 1214 1460 διατιθέναι
1254 1416 1377 1477 περιου-

206 1499 335 1578 10οίαν,
359 1499 477 1585 οἰκέτην
500 1485 577 1563 δέῙ
591 1501 789 1585 νομισμάτων
812 1497 898 1570 ἀξιον
918 1499 962 1584 μὴ
992 1496 1147 1562 δύνασθαι
1175 1495 1375 1580 ἐλευθεροῦν.

255 1601 484 1683 καταγέλαστος
505 1599 560 1664 οὖν
583 1603 600 1664 ὁ
623 1601 727 1686 νόμος,
750 1591 798 1664 ὅτι
818 1601 857 1664 τὰ
877 1606 935 1685 μὲν
954 1601 1083 1686 μείζονα
1105 1601 1316 1683 φιλοτιμεῖται,
1338 1597 1377 1660 τὰ

255 1703 292 1766 δὲ
313 1703 428 1790 ἥττονα
450 1701 487 1766 οδ
510 1703 635 1767 δίδωσιν
658 1705 692 1767 ἐν
714 1703 852 1790 ἐξουσίᾳ,
876 1703 955 1787 δπεμ
976 1702 1012 1767 οὐ
1035 1705 1176 1788 φορητὸν
1199 1700 1274 1765 είναι
1298 1701 1377 1786 νομί-
1511 1692 1512 1701 ’

256 1805 350 1884 ζεται,
374 1794 421 1867 ῖίτι
436 1809 539 1868 πᾶσαν
558 1806 616 1889 μὲν
639 1804 735 1870 αὐτοῦ
757 1806 812 1893 τὴν
835 1805 1013 1891 περιουσίαν
1029 1805 1083 1890 ἐφ’
1106 1805 1141 1869 ὃν
1155 1804 1302 1886 βούλεται
1321 1827 1377 1887 με·

254 1906 423 1994 τατίθησιν,
446 1906 659 1991 ἐλευθερῶσαι
681 1908 717 1972 δέ
740 1909 851 1973 δοῦλον
873 1909 910 1973 οδ
933 1910 1068 1974 δύναται.
1114 1909 1162 1972 διδ
1185 1911 1233 1972 καί
1254 1912 1271 1973 ὁ
1294 1907 1377 1972 θειο-

207 2023 239 2074 15
255 2032 350 2085 τατος
370 2012 460 2096 ἡμῶν
481 2011 629 2093 βασιλεὺς
649 2011 698 2075 ἐπί
719 2015 758 2098 τῇ
779 2015 834 2075 τοῦ
857 2012 952 2096 νόμου
976 2011 1111 2098 κινηθείς
1131 2011 1243 2096 ἀτοπίᾳ
1257 2010 1377 2075 ἐκέλευ-

256 2133 320 2190 σεν,
343 2111 392 2175 ἵνα
413 2103 520 2199 ῶςπερ
533 2114 572 2176 τὰ
591 2114 670 2180 ἄλλα
692 2115 860 2198 πράγματα
883 2115 1027 2179 διατυποῖ
1044 2116 1062 2178 δ
1078 2113 1148 2190 νέος
1162 2111 1378 2197 διατιθέμενος

254 2215 301 2291 ῶς
320 2207 481 2297 βούλεται,
506 2214 660 2280 οὕτωκαὶ
688 2217 761 2294 τοὺς
789 2217 885 2292 ίδίους
913 2217 1031 2290 οἰκέτας
1062 2217 1079 2277 δ
1108 2221 1173 2279 τῶν
1189 2202 1376 2280 ἶένιαυτῶν

256 2315 391 2379 έλοίττων
414 2315 604 2401 ἐλευθεροῦν
627 2318 659 2381 ἐν
683 2318 816 2406 διαθήκη
840 2320 1084 2408 συγκεχώρηται.
1107 2318 1214 2404 ἐπειδὴ
1237 2319 1274 2382 δέ
1289 2318 1378 2383 ἀδια-

255 2418 380 2505 τίμητάν
402 2442 430 2481 τι
452 2420 537 2503 παρὰ
562 2421 715 2506 ῥωμαίοις
743 2421 824 2484 ἐστίν
852 2420 907 2506 ἠέ)
935 2420 1100 2507 ἐλευθερία
1128 2423 1176 2484 καὶ
1205 2420 1256 2484 διὰ
1283 2424 1376 2486 τοῦτο

205 2520 240 2572 20
257 2523 318 2605 πρὸ
340 2523 394 2584 τοῦ
407 2507 442 2585 ἶ
457 2522 598 2586 ἐνιαυτοῦ
621 2524 638 2585 δ
669 2521 768 2588 αόλίου
795 2523 917 2588 εὸτιίίου
945 2526 1000 2609 τὴν
1028 2522 1210 2610 ἐλευθερίαν
1239 2523 1377 2588 ἐκώλυσε

255 2622 409 2704 δίδοσθαι,
431 2626 543 2689 τούτου
561 2626 655 2713 χάριν
674 2625 776 2714 μέσην
797 2625 864 2688 τινά
886 2626 959 2689 δδδν
975 2625 1070 2699 αίπδς
1082 2625 1216 2709 βαδίσας
1232 2625 1290 2714 οὐχ
1311 2626 1377 2691 ἐπέ·

252 2748 324 2809 ρως
345 2726 500 2812 ἐπέτρεψε
521 2731 569 2813 τῷ
591 2727 729 2792 ἐλάττονι
749 2733 812 2792 τῶν
833 2752 851 2793 τι
873 2727 1022 2793 ἐνιαυτῶν
1043 2729 1148 2794 ἐν5
1090 2753 1129 2815 τη
1149 2727 1319 2817 διαθηιιη
1327 2751 1376 2814 τῳ

256 2827 324 2912 ἰδίῳ
347 2827 448 2916 οἰκέτη
472 2828 590 2894 διδόναι
611 2830 837 2917 ἐλευθερίαν),
861 2833 888 2896 εί
907 2834 951 2918 μὴ
973 2832 1072 2906 τδνιζ
1093 2829 1233 2896 ἐνιαυτὸν
1249 2827 1378 2916 ὑπερβῇ

254 2931 304 2994 καί
325 2929 457 3018 ἄρξηται
478 2955 534 2996 του
555 2956 595 3019 ιη.
639 2933 733 2996 ὁπότε
759 2935 819 3020 γὰρ
846 2937 875 2998 οί
901 2935 1022 2998 παλαιοί
1043 2936 1091 3058 τηῦ
1117 2931 1234 3016 μείζονι
1260 2936 1324 2996 τῶν
1348 2933 1382 3008 ιζ

204 3043 238 3095 25
256 3032 404 3096 ἐνιαυτῶν
427 3037 611 3120 συνηγορεῖν
634 3034 847 3118 ἐπιτρέπουσιν
875 3036 1009 3117 ἑτέροις,
1039 3035 1123 3110 τίνος
1150 3033 1240 3098 ἕνεκα
1259 3036 1303 3121 μὴ
1327 3035 1375 3098 λέ-

256 3160 360 3222 γωμεν
381 3138 417 3199 τδ
439 3141 495 3225 τῆς
516 3136 613 3202 αὐτοῦ
635 3138 772 3214 διανοίας
793 3138 952 3226 οταθηρδν
981 3141 1029 3202 καί
1058 3141 1138 3222 πρὸς
1163 3136 1199 3201 τὸ
1222 3139 1276 3201 τδν
1298 3135 1375 3200 ἴδιον

255 3239 374 3327 οίκέτην
403 3244 459 3328 τῆς
487 3239 628 3313 δουλείας
655 3240 857 3304 ἀπαλλάττειν
887 3239 1140 3325 συμβάλλεσθαις
1176 3243 1194 3304 δ
1221 3241 1282 3324 γὰρ
1312 3241 1377 3305 ἐτέ-

253 3341 363 3426 ρουςῖ)
392 3343 437 3416 ῶς
472 3339 599 3426 εὔφρων
629 3341 679 3406 διὰ
705 3347 759 3407 τοῦ
788 3347 971 3430 συνηγορεῖν
1001 3344 1136 3428 ὠφελῶν
1165 3346 1201 3408 τὸ
1231 3343 1377 3427 ἀβλαβὲς

255 3443 534 3540 ὡμολογημένωςδ)
568 3446 672 3531 ἑαυτῷ
701 3446 935 3538 περιποιῆσαί).
985 3436 1067 3522 ῶςτε
1098 3444 1154 3511 οὖν
1188 3448 1206 3510 δ
1238 3445 1376 3510 ἐλάττων

204 3547 239 3600 30
254 3549 350 3610 τῶνα
379 3546 529 3610 ἐνιαυτῶν
550 3547 635 3612 inter
655 3547 746 3615 uiuos
766 3549 824 3631 μὲν
846 3548 903 3613 obn
923 3547 1149 3634 ἐλευθερώσει,
1177 3547 1213 3614 ἐν
1240 3547 1375 3637 διαθήκῃ

322 3819 346 3886 ¹)
366 3818 428 3871 τότε
445 3819 495 3874 ins.
513 3819 542 3872 P.
653 3821 677 3889 δ)
696 3821 900 3894 πεπλανημένην
919 3822 949 3877 Ρ.
967 3822 1025 3878 edd.
1044 3829 1099 3878 ant.
1117 3825 1149 3878 F.
1259 3826 1283 3892 δ)
1303 3825 1373 3878 ἐτῶν

255 3903 288 3958 Β.
407 3906 431 3972 ⁴)
448 3903 474 3959 (1.
491 3905 522 3960 Ρ.
540 3905 713 3976 ἀδιατίμητας
729 3905 761 3960 R.
881 3909 905 3975 ὖ)
922 3908 974 3979 ἰδία
991 3908 1052 3962 add.
1071 3908 1103 3964 R.
1223 3913 1248 3978 6)
1268 3911 1316 3966 διδ.
1335 3911 1375 3966 ἐλ.

255 3991 298 4061 τῷ
315 3989 348 4042 λδ.
368 3989 417 4042 αλιι.
435 3988 468 4043 Β.
571 3991 595 4057 ⁷)
612 4009 704 4060 -ροις
721 3991 782 4045 add.
801 3997 857 4046 aut.
874 3991 905 4047 F.
1008 3994 1031 4061 8)
1048 3995 1272 4065 ὁμολογουμένως
1289 3996 1320 4052 F.
1338 3995 1371 4052 R

255 4075 364 4134 πάντως
380 4075 410 4130 P.
512 4076 535 4144 ⁹)
553 4093 666 4129 -σεται
684 4076 734 4132 Fl.
