2990 4884
520 380 752 444 -110-

97 569 187 652 aliqua
210 591 247 636 cx
268 590 363 640 causa
384 571 523 642 dirutum
544 568 587 636 sit
608 567 798 646 aediticium,
825 568 968 636 dominns
995 568 1196 635 materiensi

98 707 149 754 nnn
167 689 262 755 inerit
282 689 411 772 duplum
432 689 663 772 peractionem
690 691 729 754 de
758 689 843 771 tigno
870 689 976 754 iuncto
1006 688 1067 753 iam
1094 706 1199 769 perse·

59 808 89 859 ³⁰·
98 817 184 888 cutus,
207 828 275 875 eam
299 809 457 874 uindicare
478 816 510 874 et
531 810 571 873 ad
594 807 800 875 exhibendum
823 827 916 889 agere
930 813 1043 889 potest
1066 805 1116 871 30.
1133 807 1199 872 iam

98 928 129 991 de
147 945 180 992 eo
209 936 406 1008 perspectum
433 928 583 993 habemus
609 929 663 1011 qui
693 929 724 992 in
755 946 812 993 suo
841 926 906 993 solo
934 925 1038 992 aliena
1066 925 1199 992 materia

98 1046 208 1110 domum
242 1045 463 1112 aedificaberit.
517 1064 599 1113 nunc
629 1047 668 1113 (ie
697 1048 853 1113 contrario
883 1065 957 1113 casn
985 1045 1197 1128 dispiciamus.
1233 1050 1249 1099 ⁵

98 1166 119 1228 si
137 1165 165 1228 in
187 1173 242 1230 tuo
265 1167 330 1232 solo
353 1185 422 1231 mea
444 1168 575 1234 materia
596 1165 772 1232 aedificium
794 1166 1036 1246 construxerim,
1065 1165 1124 1232 suli
1147 1166 1200 1232 do-

97 1283 186 1349 minus
214 1285 307 1348 etiam
335 1283 468 1350 aedificii
493 1285 717 1366 proprietatem
739 1284 936 1351 nanciscetur
961 1292 1089 1367 propter
1110 1302 1201 1365 regu-

97 1403 149 1466 lam
168 1404 328 1496 dicentem¹
343 1425 381 1470 ea
401 1423 483 1484 quae
504 1403 740 1471 inaedifioentur
762 1405 828 1470 solo
850 1404 978 1485 cetera
1007 1405 1114 1485 itaque
1138 1423 1201 1469 me·

97 1525 182 1588 toriae
204 1524 372 1590 dominium
392 1527 623 1608 inperpetuum
646 1526 765 1603 amitto,
788 1526 888 1593 sciens
904 1524 987 1590 enim
1002 1525 1201 1607 prudensque

97 1639 123 1704 in
142 1644 241 1708 alieno
264 1643 330 1709 solo
349 1641 519 1709 aedificaui.
551 1645 649 1726 igitur
671 1643 698 1708 si
720 1643 893 1709 aedificium
916 1644 1052 1709 dirutum
1077 1643 1118 1709 sit
1139 1659 1200 1708 nou
1222 1664 1252 1714 ιο

96 1769 193 1841 potero
216 1764 379 1828 materiam
402 1764 572 1831 uindicare.
610 1773 695 1830 certe
716 1763 794 1829 illud
817 1771 951 1842 constat,
974 1763 1002 1830 si
1024 1765 1055 1830 in
1080 1780 1203 1846 posses·

97 1880 173 1946 sione
193 1881 326 1949 aedificii
348 1901 397 1948 me
419 1881 618 1950 aedificatore
641 1884 824 1964 constituto,
846 1885 989 1950 dominus
1011 1882 1070 1950 soii
1092 1882 1202 1964 regula

97 2000 173 2065 nisus
185 2019 247 2083 qua
258 1999 401 2068 aedificia
411 2003 476 2068 solo
488 2004 611 2081 cedunt,
627 2004 668 2069 ad
679 2003 901 2070 uindicandum
912 2011 995 2084 ngat,
1006 2004 1034 2068 si
1045 2004 1127 2067 bona
1141 2000 1203 2067 fide

97 2137 247 2198 possessor
269 2119 381 2184 inerim
404 2121 566 2202 (putabam
589 2123 669 2187 enim
691 2123 791 2187 solum
807 2140 909 2187 meum
926 2121 1018 2203 esse),
1034 2139 1095 2186 non
1111 2120 1203 2186 modo

98 2239 236 2306 materiae
268 2241 404 2322 pretium
425 2260 475 2306 me
504 2242 661 2327 consequi,
695 2248 743 2306 set
776 2250 808 2307 et
840 2242 1000 2307 fabrorum
1032 2241 1199 2318 mercedes,
1222 2255 1252 2307 lo

99 2377 220 2440 eumque
242 2360 397 2426 uolentem
420 2379 458 2425 ea
478 2360 610 2439 soluere,
632 2378 689 2443 per
715 2358 778 2427 doli
807 2361 1017 2443 exceptionem
1052 2359 1204 2442 repellere

98 2495 189 2558 posse.
233 2479 262 2544 si
284 2499 358 2545 nero
388 2481 470 2545 mala
498 2478 559 2545 fide
587 2478 690 2546 locum
718 2480 915 2564 possidebam
944 2480 1093 2564 (sciebam
1122 2481 1204 2544 enim

99 2595 191 2662 locum
213 2618 282 2666 esse
304 2599 467 2680 alienum),
490 2599 608 2666 nubem
636 2600 757 2666 habebo
785 2601 1001 2683 exceptionem
1031 2605 1081 2666 set
1109 2618 1206 2683 cogar

99 2716 218 2784 fundum
240 2737 311 2785 oum
332 2718 475 2786 aedificio
497 2720 682 2801 restituere;
703 2726 807 2802 potest
836 2720 918 2785 enim
940 2720 1014 2786 mibi
1039 2739 1059 2785 a
1081 2737 1206 2801 quoque

101 2837 185 2916 culpa
209 2838 288 2904 obici
314 2838 399 2920 quod
432 2845 549 2906 temere
578 2849 611 2905 et
643 2841 781 2923 prudens
812 2840 844 2906 in
878 2841 944 2907 solo
976 2838 1205 2906 aedificauerim
1223 2838 1257 2889 2⁰

59 2961 93 3012 31.
102 2953 204 3020 alieno.
251 2956 303 3020 31.
335 2956 436 3022 Titius
463 2959 606 3024 arborem
632 2959 766 3024 alienam
792 2957 825 3024 in
854 2976 911 3025 suo
938 2960 1004 3026 solu
1033 2958 1205 3042 plantauit:

102 3071 170 3138 Titii
195 3077 287 3142 arbor
317 3074 387 3141 erit.
439 3083 471 3143 et
497 3076 524 3142 si
547 3076 646 3143 Titius
672 3079 816 3145 arborem
846 3095 936 3143 suam
969 3077 1001 3142 in
1029 3078 1095 3143 solo
1122 3077 1207 3141 Mae·

103 3190 144 3255 nii
171 3193 378 3274 planteuerit,
415 3191 531 3261 Maeuii
563 3197 657 3262 arbor
694 3196 767 3264 fiet:
808 3198 917 3281 utiquc
956 3204 1089 3276 nuoquc
1130 3213 1206 3262 casu
