3058 4890
609 476 648 492 -
695 440 842 504 252-

165 627 257 710 liquit
278 628 372 694 etiam
394 625 633 694 fideicommissa
655 635 687 694 et
709 627 814 709 legata
842 625 1031 710 quibusdam
1061 625 1242 694 nominatim
1259 634 1289 694 'a

166 766 223 812 sua
243 744 318 812 filia.
362 755 435 829 post
468 765 544 812 uero
567 746 695 814 Lentuli
717 751 848 814 mortem
879 753 1068 812 testamento
1096 745 1234 828 perlecto
1256 752 1289 810 et

166 865 313 932 codicillis
333 865 446 946 allatis,
470 865 563 931 diuus
592 869 753 947 Augustus
777 885 814 930 ex
842 883 900 931 sua
929 883 1064 948 persona
1085 864 1211 930 Lentuli
1234 883 1289 932 uo·

164 984 315 1050 luntatem
338 983 521 1066 adimplebit
543 987 701 1068 ceterique
727 984 859 1050 heredes
881 983 1017 1065 Augusti
1044 982 1217 1066 exemplum
1241 1004 1289 1054 sc·

163 1107 228 1170 cuti
249 1103 487 1170 fideicommissa
507 1112 757 1189 proestauerunt
803 1111 836 1172 et
857 1103 982 1172 Lentuli
1003 1103 1068 1169 lilia
1088 1103 1192 1186 legata
1212 1124 1233 1170 a
1254 1123 1288 1172 se
1322 1108 1339 1160 ὅ

163 1226 346 1294 nominatim
370 1223 481 1292 relicte
502 1225 653 1306 personis,
675 1242 756 1308 quae
779 1245 816 1290 ea
838 1243 949 1308 capere
977 1241 1038 1288 non
1068 1230 1211 1305 possent,
1239 1241 1288 1290 so·

165 1343 234 1408 luit
277 1361 451 1425 quaecum
473 1345 519 1410 ita
541 1344 712 1412 subsecuta
733 1349 847 1420 essent,
871 1342 992 1410 dicitur
1009 1344 1102 1411 diuus
1125 1347 1287 1425 augustus

164 1481 354 1530 conuocesse
382 1462 569 1544 prudentes,
604 1465 687 1529 inter
714 1483 792 1546 quos
819 1463 999 1529 Trebatium
1027 1481 1166 1546 quoqne,
1197 1462 1287 1528 cuius

163 1593 238 1651 tunc
267 1583 418 1666 temporis
443 1584 617 1648 auctoritas
645 1585 676 1650 in
706 1584 784 1648 iuris
812 1585 944 1650 scientia
977 1583 1112 1648 maxima
1140 1589 1222 1658 erat,
1255 1591 1288 1647 et

164 1705 333 1788 quaesisse,
357 1706 395 1770 iis
418 1704 645 1786 praesentibus,
670 1722 708 1768 an
731 1721 807 1767 usus
834 1702 1045 1770 codicillorum
1074 1701 1171 1784 recipi
1200 1721 1287 1784 opor·
1307 1713 1339 1766 ro

163 1831 253 1904 teret,
276 1841 377 1904 neque
399 1842 419 1890 a
441 1821 518 1890 iuris
542 1823 662 1888 ratione
684 1823 840 1887 obsonans
862 1829 953 1887 esset.
988 1840 1059 1888 cnm
1081 1822 1159 1890 haec
1181 1825 1287 1906 Augu·

164 1950 232 2012 stus
254 1942 447 2027 quaesisset,
477 1942 593 2011 dicitur
614 1944 782 2012 Trebatius
805 1948 947 2026 Augusto
974 1947 1112 2012 suasisse
1135 1945 1286 2027 optimum

165 2071 258 2146 atque
280 2063 491 2130 necessarium
521 2064 669 2130 Romanis
699 2063 911 2134 codicillorum
940 2081 1031 2132 usum
1060 2084 1130 2132 esse
1160 2072 1287 2148 propter

166 2201 292 2265 magnas
315 2203 352 2250 ac
374 2183 485 2266 longas
506 2184 783 2266 peregrinationes,
806 2203 887 2268 quae
909 2186 992 2265 apud
1015 2191 1139 2250 ueteres
1161 2185 1202 2250 ob
1217 2204 1286 2249 exn·

164 2303 277 2369 rientia
298 2304 437 2383 undique
459 2302 541 2370 bella
562 2302 742 2386 trequentes
769 2311 876 2383 eront3
906 2311 941 2368 ut
969 2304 995 2367 sl
1022 2305 1093 2383 quis
1120 2309 1287 2370 testamen·
1307 2318 1338 2368 lt

163 2428 230 2488 tum
253 2422 356 2488 tacere
378 2442 439 2488 non
463 2433 578 2504 posset,
602 2440 672 2488 cum
696 2440 803 2488 eorum
827 2423 916 2504 copia
937 2440 997 2488 nou
1015 2429 1128 2504 essent,
1151 2441 1231 2504 quae
1246 2425 1284 2492 ud

165 2543 223 2608 boc
252 2541 429 2610 necessaria
456 2543 534 2619 sint,
568 2540 726 2608 codicillos
760 2541 886 2607 taceret.
937 2550 1009 2625 post
1037 2559 1118 2626 quae
1148 2551 1289 2628 temporo

164 2679 234 2729 cum
268 2664 300 2728 et
333 2659 438 2726 Labeo
461 2658 702 2726 iurisconsultus
731 2659 889 2728 codicillos
912 2660 1051 2739 fecisset,
1081 2662 1142 2728 iam
1172 2661 1286 2730 nemini

124 2789 146 2841 r.
164 2781 293 2848 dubium
315 2789 394 2858 erat,
415 2778 492 2864 quin
513 2779 648 2848 codicilli
670 2781 787 2861 optimo
810 2781 879 2847 iure
893 2781 1144 2850 admitterentur.
1169 2785 1196 2848 l.
1217 2782 1286 2853 Non

164 2907 285 2966 tantum
308 2919 387 2968 uero
409 2905 597 2966 testamento
620 2899 702 2966 tacto
724 2907 830 2982 potest
856 2902 927 2982 quis
956 2902 1115 2968 codicillos
1137 2903 1285 2980 scribere,
1304 2905 1339 2958 2⁰

163 3029 213 3087 set
233 3018 328 3087 etiam
351 3024 518 3087 intestatus
541 3019 695 3087 decedens
716 3019 986 3090 fideicommittere
1000 3023 1150 3089 codicillis
1171 3029 1285 3103 potest.
