3078 4882
617 411 847 475 -206-

505 701 552 766 De
573 701 696 784 legatis.
741 699 864 767 Titulus
886 700 936 763 20.

248 887 328 952 Cum
352 887 391 954 de
417 886 613 952 testamentis
642 886 899 964 tracuuerimus,
929 887 1140 953 necessarium
1170 894 1219 953 est
1248 889 1287 954 de

159 1004 273 1086 legatis
296 1004 458 1087 dispicere.
505 1010 553 1070 set
579 1004 641 1070 erit
669 1007 723 1086 qui
754 1005 838 1070 dieat
867 1023 938 1070 eum
971 1006 1025 1086 qui
1058 1005 1104 1071 ita
1136 1008 1287 1088 procedat

159 1123 320 1189 doetrinae
336 1122 600 1189 continuationem
615 1121 813 1204 abrumpere.
839 1123 1035 1205 propositum
1051 1131 1121 1191 erat
1141 1127 1223 1192 enirn
1237 1145 1287 1193 or·

161 1244 234 1308 dine
256 1249 394 1308 tractare
417 1243 455 1308 de
482 1242 745 1322 adquisitionibus
774 1261 854 1323 quae
882 1261 939 1324 per
966 1245 1204 1309 uniuersitatem
1233 1242 1286 1309 fie

161 1370 247 1442 reut;
269 1368 301 1428 et
315 1362 385 1428 ideo
400 1363 566 1443 oportebat
580 1380 651 1427 eum
667 1363 721 1444 qui
736 1362 775 1428 de
790 1362 966 1428 hereditate
981 1368 1166 1429 testamento
1182 1362 1287 1429 delata
1320 1368 1337 1417 ὅ

161 1481 364 1548 naouuissm
385 1482 491 1545 statim
513 1482 555 1546 ad
576 1499 645 1546 eam
668 1498 749 1560 quae
770 1481 811 1546 ab
833 1481 982 1546 intestato
998 1479 1138 1547 defertur
1153 1482 1287 1547 transire

162 1607 195 1668 et
216 1600 263 1665 sio
284 1620 340 1681 per
362 1599 482 1680 reliqua
504 1599 545 1664 ad
567 1600 671 1679 legata
693 1600 868 1680 peruenire,
891 1618 947 1681 per
969 1618 1050 1682 quae
1071 1599 1214 1682 singulae
1237 1620 1287 1668 res

162 1721 253 1786 nobis
275 1719 495 1799 adquiruntur.
541 1720 644 1784 setin
666 1727 812 1800 promptu
836 1720 917 1784 ratio
940 1725 997 1785 est
1047 1737 1118 1786 oum
1141 1719 1224 1786 enirn
1247 1721 1287 1786 de

162 1839 391 1906 hereditatibus
420 1859 457 1905 ex
486 1846 672 1905 testamento
701 1841 813 1905 delatis
842 1840 1101 1918 tractauerimus,
1129 1841 1160 1905 in
1191 1845 1287 1906 testa·

163 1967 267 2026 mento
296 1964 401 2026 antem
431 1967 463 2024 et
489 1961 593 2040 legata
620 1961 753 2042 relinqui
782 1959 918 2039 soleant,
953 1981 1013 2027 non
1042 1979 1170 2042 prorsus
1198 1965 1287 2027 extra
1307 1975 1338 2027 1⁰

162 2082 354 2164 propositam
376 2082 539 2147 materiam
561 2089 623 2161 est,
646 2084 673 2146 si
695 2083 801 2148 statim
824 2084 864 2150 de
890 2084 1001 2165 legatis
1031 2089 1169 2150 tractare
1198 2085 1286 2150 insti·

121 2221 143 2272 1.
161 2208 296 2267 tuamus.
337 2203 365 2268 l.
389 2201 430 2264 Et
451 2206 524 2266 ante
546 2202 654 2266 omnia
676 2200 807 2267 definire
828 2208 953 2284 oportet
975 2204 1049 2285 qnid
1073 2204 1115 2269 sit
1137 2203 1285 2282 legatum.

117 2339 142 2389 2.
163 2322 301 2402 legatum
325 2327 374 2384 est
395 2320 520 2385 donatio
543 2320 695 2401 quaedam
719 2338 739 2385 a
761 2320 907 2387 defuncto
937 2321 1056 2388 relicta.
1102 2323 1131 2383 2.
1167 2321 1223 2387 Set
1245 2322 1291 2387 le·¹

160 2441 227 2521 gati
249 2440 374 2519 quidem
398 2456 508 2506 nornen
532 2439 724 2522 primitiuum
753 2446 801 2505 est
831 2447 863 2506 et
890 2440 1119 2522 quodammodo
1143 2443 1285 2520 materia,

161 2558 245 2625 unde
267 2563 419 2641 quattuor
439 2577 553 2640 genera
569 2560 756 2640 procedunt:
784 2558 955 2626 uindicatio
972 2561 1130 2625 damnatio
1146 2561 1284 2641 legatum
1305 2576 1335 2628 15

161 2677 285 2745 sinendi
309 2681 399 2744 modo
420 2679 607 2760 praeceptio.
652 2686 726 2744 sunt
748 2686 853 2744 autern
877 2680 975 2745 uerba
997 2681 1151 2762 quaedam
1175 2681 1286 2763 singu-

161 2797 201 2864 lis
224 2797 398 2880 legatornm
420 2799 587 2879 generibus
610 2799 792 2880 adsignata,
821 2818 876 2880 per
898 2815 978 2879 quae
1007 2817 1106 2882 genus
1129 2799 1286 2882 significa·

162 2925 224 2984 tur.
276 2923 309 2981 et
334 2917 557 2984 uindicationis
586 2904 787 2985 uerba'haec
815 2926 901 2985 sunt:
930 2920 1020 2984 lrnic
1050 2938 1224 2986 nummos
1251 2918 1285 2982 O.

163 3037 218 3102 do.
240 3055 278 3102 ex
292 3033 398 3116 legato
412 3046 517 3103 autem
532 3055 589 3118 per
612 3039 852 3104 uindicationem
875 3041 1018 3105 dominus
1040 3040 1211 3120 legatarius
1233 3037 1289 3105 fie-

164 3157 237 3232 bat,
271 3155 365 3220 simul
387 3161 483 3256 atque
502 3157 594 3222 heres
617 3158 759 3236 adiisset,
789 3160 834 3224 itu
861 3166 898 3223 ut
927 3167 1038 3225 eontra
1068 3176 1189 3224 omnem
1213 3176 1283 3239 pos·
1301 3177 1336 3230 no

162 3293 317 3341 sessorem
339 3275 371 3342 iu
395 3293 460 3341 rem
483 3294 576 3358 agere
598 3285 713 3359 posset
759 3283 791 3343 et
816 3278 887 3343 ideo
909 3279 993 3344 inter
1014 3277 1068 3342 illa
1091 3277 1170 3342 iuris
1193 3296 1288 3358 nego·

162 3394 207 3458 tia
229 3392 340 3460 referri
361 3395 450 3470 solet,
475 3413 556 3475 quae
578 3396 666 3461 nobis
689 3397 859 3461 dominium
888 3399 1029 3479 pariunt,
1060 3397 1108 3462 uti
1138 3397 1287 3479 superius

163 3515 390 3595 proposuimus.
441 3515 604 3581 dicebatur
640 3521 745 3581 autem
778 3515 1006 3581 uindicatio
1037 3535 1056 3580 a
1084 3515 1286 3593 uindicando,

163 3634 246 3713 quod
274 3639 323 3698 est
352 3652 408 3715 per
436 3633 469 3698 in
496 3651 561 3698 ram
590 3635 743 3700 actionem
774 3653 840 3700 rem
870 3635 1024 3716 persequi.
1076 3634 1286 3701 damnationis

164 3757 269 3818 autem
291 3753 389 3818 uerba
411 3753 487 3820 haeo
509 3758 596 3818 sunt:
621 3755 779 3820 damnas
802 3759 885 3821 esto
915 3754 1033 3820 heres
1061 3752 1157 3820 huie
1178 3772 1287 3819 num·
1304 3767 1337 3819 25

163 3889 245 3938 mos
275 3870 300 3935 C
329 3871 430 3938 dare.
481 3873 641 3940 oriebatur
671 3873 743 3940 inde
772 3874 924 3955 legatario
955 3874 1108 3940 aduersus
1140 3872 1286 3939 heredem
