3078 4882
605 437 645 458 ·-·
694 409 753 473 186
791 435 839 458 ’-

154 591 241 692 tione
267 597 316 663 his
344 597 451 664 uerbis
478 589 576 663 iacta:
606 597 641 662 si
670 593 912 692 Parthenius
937 578 1056 692 heres
1084 585 1158 664 non
1186 594 1281 676 erit,

156 716 344 784 Maeuius
365 717 482 783 hares
504 722 598 783 esto.
643 723 676 782 ot
697 717 763 783 lata
785 721 834 783 est
855 722 930 784 tune
952 717 1137 784 constitutio
1155 703 1198 786 ‘ex
1219 735 1282 800 qua

155 836 318 901 dimidiam
341 835 547 902 hereditatem
570 833 759 901 Parthenius
782 833 915 919 principi
936 845 1118 919 quaereret,
1146 835 1176 900 in
1204 835 1282 904 alte·

154 972 221 1020 ram
244 974 323 1022 uero
346 955 504 1022 dimidiam
525 953 679 1033 Maeuius,
702 961 812 1038 utpote
833 957 1033 1035 substitutus,
1057 962 1233 1022 uooaretur.

616 1243 821 1258 ψ

372 1565 419 1630 Da
440 1564 588 1648 pupillari
610 1565 842 1634 substitutione.
877 1564 1002 1634 ihtulus
1026 1565 1076 1632 16.

240 1753 313 1820 Non
336 1752 437 1818 solum
459 1753 615 1820 exmaneis
637 1751 804 1818 heredibus
826 1751 1019 1819 substituere
1033 1768 1210 1835 possumus,
1232 1757 1282 1822 set
1316 1769 1333 1822 o

153 1872 263 1940 liberis
285 1891 411 1958 qnoque
433 1873 550 1940 nostris
580 1872 638 1938 hoe
660 1870 768 1938 modo:
796 1869 909 1937 iilius
937 1888 1039 1940 meus
1067 1870 1137 1938 ille
1164 1870 1281 1942 hares

154 1999 257 2073 esto;
280 1994 314 2059 si
336 2011 413 2058 non
436 1992 523 2074 erit,
546 1991 617 2058 illo
639 1991 733 2063 mihi
755 1991 872 2058 heres
894 1995 991 2070 esto,
1012 1990 1191 2072 diciturque
1204 1992 1282 2060 hooc

154 2112 300 2194 uulgaris
331 2111 531 2178 substitutio:
565 2110 711 2178 omuibus
743 2109 827 2176 onim
858 2110 1006 2176 conuenit
1036 2115 1101 2176 tam
1134 2114 1283 2176 musaeo

152 2247 249 2312 quem
272 2229 345 2296 filio.
380 2235 430 2296 set
450 2229 484 2295 in
506 2235 654 2296 extraneo
677 2228 801 2311 quidem
824 2229 931 2294 multis
953 2228 1077 2294 casibus
1098 2227 1281 2294 substitutio

153 2349 257 2415 locum
281 2349 398 2414 habere
419 2351 534 2432 potest,
557 2348 655 2414 ueluti
678 2348 704 2413 si
726 2347 889 2413 institutus
916 2354 990 2413 ante
1011 2352 1195 2413 testatorem
1217 2364 1281 2412 mo
1301 2369 1334 2421 10

153 2469 257 2534 riatur
279 2465 332 2533 uel
353 2467 563 2538 hereditatem
585 2467 738 2549 repudiet,
761 2467 827 2546 uel,
849 2465 909 2532 sub
931 2465 1111 2532 condicione
1134 2482 1170 2531 eo
1192 2464 1283 2531 insti·

152 2567 243 2676 tutop
271 2585 411 2653 condicio
439 2585 574 2653 deficiat
622 2587 653 2651 in
680 2584 743 2651 filio
773 2589 878 2651 autem
906 2603 969 2652 uno
1000 2585 1216 2650 tantummodo
1248 2584 1281 2652 iu

154 2724 231 2776 cusu
255 2705 475 2774 substitutioni
496 2706 585 2772 locus
610 2703 664 2784 fit,
693 2705 776 2772 idest
803 2705 838 2783 si
857 2703 1011 2770 moriatur
1039 2702 1125 2770 filius
1148 2702 1282 2772 familias

154 2832 228 2890 aute
251 2831 374 2906 patrem
396 2843 503 2902 suum,
532 2825 587 2907 qui
616 2829 838 2890 testamentum
864 2822 983 2890 iecerit
1034 2840 1108 2888 nam
1134 2822 1162 2890 si
1191 2829 1282 2906 putat

152 2951 233 3012 ante
250 2943 348 3008 filium
371 2943 541 3023 momatur,
567 2961 629 3009 non
652 2942 688 3007 ht
709 2941 796 3010 loeus
819 2941 1050 3023 substitutioni,
1072 2942 1184 3010 existit
1199 2941 1282 3010 euim
1301 2955 1334 3007 lo

153 3061 239 3128 illico
272 3063 357 3144 patri
388 3063 480 3128 heres
513 3067 614 3145 nsque
647 3079 683 3128 se
714 3061 900 3128 abstinendo
932 3079 1044 3128 nomen
1077 3059 1201 3128 heredis
1229 3062 1280 3128 de·

153 3181 259 3262 ponit;
281 3181 476 3263 incorporale
498 3181 581 3247 enim
602 3181 727 3252 heredis
749 3200 862 3248 nomen
885 3199 955 3248 oum
979 3181 1074 3248 semei
1096 3179 1189 3246 alieni
1210 3179 1281 3249 hoo

155 3305 224 3365 reat
240 3318 302 3365 uon
318 3299 408 3366 iseile
424 3301 454 3364 iu
472 3299 567 3366 ahum
584 3299 707 3366 transit.
730 3301 789 3364 Est
802 3306 908 3366 sutem
923 3300 985 3364 alia
998 3298 1183 3365 substitutio
1199 3316 1280 3380 quae

155 3420 186 3484 in
202 3418 313 3485 liboris
327 3420 443 3485 nostris
455 3418 606 3501 procedit,
622 3438 725 3502 neque
740 3420 773 3484 in
784 3419 890 3486 liberis
905 3424 1026 3484 tantum
1038 3421 1087 3484 set
1097 3417 1129 3482 in
1140 3415 1190 3484 his
1201 3435 1280 3500 quos
