<?xml version="1.0" encoding="UTF-8"?>
<!DOCTYPE html PUBLIC "-//W3C//DTD XHTML 1.0 Transitional//EN"
    "http://www.w3.org/TR/xhtml1/DTD/xhtml1-transitional.dtd">
<html xmlns="http://www.w3.org/1999/xhtml" xml:lang="en" lang="en">
 <head>
  <title>
</title>
<meta http-equiv="Content-Type" content="text/html;charset=utf-8" />
  <meta name='ocr-system' content='tesseract 3.04.00' />
  <meta name='ocr-capabilities' content='ocr_page ocr_carea ocr_par ocr_line ocrx_word'/>
</head>
<body>
  <div class='ocr_page' id='page_1' title='image "./institutionumgr00linggoog_0125.png"; bbox 0 0 3038 4884; ppageno 0'>
   <div class='ocr_carea' id='block_1_1' title="bbox 546 387 757 452">
    <p class='ocr_par' dir='ltr' id='par_1_1' title="bbox 546 387 757 452">
     <span class='ocr_line' id='line_1_1' title="bbox 546 387 757 452; baseline 0.014 -17"><span class='ocrx_word' id='word_1_1' title='bbox 546 387 757 452; x_wconf 76' lang='grc'>..46-</span> 
     </span>
    </p>
   </div>
   <div class='ocr_carea' id='block_1_2' title="bbox 67 571 1271 3293">
    <p class='ocr_par' dir='ltr' id='par_1_2' title="bbox 101 571 1215 778">
     <span class='ocr_line' id='line_1_2' title="bbox 101 571 1215 659; baseline -0.002 -19"><span class='ocrx_word' id='word_1_2' title='bbox 101 577 130 640; x_wconf 88' lang='lat' dir='ltr'><strong>in</strong></span> <span class='ocrx_word' id='word_1_3' title='bbox 151 593 203 642; x_wconf 81' lang='lat' dir='ltr'><strong>eor</strong></span> <span class='ocrx_word' id='word_1_4' title='bbox 225 575 282 656; x_wconf 81' lang='lat' dir='ltr'><strong>qrri</strong></span> <span class='ocrx_word' id='word_1_5' title='bbox 303 575 392 642; x_wconf 85' lang='lat' dir='ltr'><strong>binas</strong></span> <span class='ocrx_word' id='word_1_6' title='bbox 414 571 600 643; x_wconf 83' lang='lat' dir='ltr'><strong>contrahant</strong></span> <span class='ocrx_word' id='word_1_7' title='bbox 622 575 757 659; x_wconf 87' lang='lat' dir='ltr'><strong>nuptiae.</strong></span> <span class='ocrx_word' id='word_1_8' title='bbox 795 595 887 642; x_wconf 89' lang='lat' dir='ltr'><strong>nemo</strong></span> <span class='ocrx_word' id='word_1_9' title='bbox 910 575 1002 654; x_wconf 91' lang='lat' dir='ltr'><strong>enim,</strong></span> <span class='ocrx_word' id='word_1_10' title='bbox 1025 573 1141 640; x_wconf 84' lang='lat' dir='ltr'><strong>maiore</strong></span> <span class='ocrx_word' id='word_1_11' title='bbox 1162 592 1215 638; x_wconf 87' lang='lat' dir='ltr'><strong>nc·</strong></span> 
     </span>
     <span class='ocr_line' id='line_1_3' title="bbox 102 694 1213 778; baseline 0 -18"><span class='ocrx_word' id='word_1_12' title='bbox 102 695 197 777; x_wconf 81' lang='lat' dir='ltr'><strong>gicero</strong></span> <span class='ocrx_word' id='word_1_13' title='bbox 218 694 452 778; x_wconf 81' lang='lat' dir='ltr'><strong>impedimento,</strong></span> <span class='ocrx_word' id='word_1_14' title='bbox 474 694 555 761; x_wconf 89' lang='lat' dir='ltr'><strong>idest</strong></span> <span class='ocrx_word' id='word_1_15' title='bbox 576 712 676 778; x_wconf 87' lang='lat' dir='ltr'><strong>poena</strong></span> <span class='ocrx_word' id='word_1_16' title='bbox 698 695 835 778; x_wconf 82' lang='lat' dir='ltr'><strong>capitali,</strong></span> <span class='ocrx_word' id='word_1_17' title='bbox 859 698 963 760; x_wconf 86' lang='lat' dir='ltr'><strong>minus</strong></span> <span class='ocrx_word' id='word_1_18' title='bbox 979 694 1155 761; x_wconf 80' lang='lat' dir='ltr'><strong>considerat</strong></span> <span class='ocrx_word' id='word_1_19' title='bbox 1178 711 1213 760; x_wconf 88' lang='lat' dir='ltr'><strong>ac</strong></span> 
     </span>
    </p>

    <p class='ocr_par' dir='ltr' id='par_1_3' title="bbox 67 812 1269 2092">
     <span class='ocr_line' id='line_1_4' title="bbox 67 812 1213 897; baseline -0.003 -19"><span class='ocrx_word' id='word_1_20' title='bbox 67 812 87 864; x_wconf 79' lang='lat' dir='ltr'><strong>t.</strong></span> <span class='ocrx_word' id='word_1_21' title='bbox 102 813 170 879; x_wconf 87' lang='lat' dir='ltr'><strong>dicit</strong></span> <span class='ocrx_word' id='word_1_22' title='bbox 191 821 325 897; x_wconf 86' lang='lat' dir='ltr'><strong>propter</strong></span> <span class='ocrx_word' id='word_1_23' title='bbox 346 812 517 879; x_wconf 85' lang='lat' dir='ltr'><strong>adfinitatis</strong></span> <span class='ocrx_word' id='word_1_24' title='bbox 548 819 723 895; x_wconf 90' lang='lat' dir='ltr'><strong>respectum</strong></span> <span class='ocrx_word' id='word_1_25' title='bbox 753 832 808 880; x_wconf 90' lang='lat' dir='ltr'><strong>eos</strong></span> <span class='ocrx_word' id='word_1_26' title='bbox 836 812 919 881; x_wconf 87' lang='lat' dir='ltr'><strong>coire</strong></span> <span class='ocrx_word' id='word_1_27' title='bbox 947 831 1009 879; x_wconf 93' lang='lat' dir='ltr'><strong>non</strong></span> <span class='ocrx_word' id='word_1_28' title='bbox 1038 833 1138 896; x_wconf 87' lang='lat' dir='ltr'><strong>posse.</strong></span> <span class='ocrx_word' id='word_1_29' title='bbox 1184 815 1213 876; x_wconf 86' lang='grc'><strong>7.</strong></span> 
     </span>
     <span class='ocr_line' id='line_1_5' title="bbox 102 931 1214 1018; baseline 0 -20"><span class='ocrx_word' id='word_1_30' title='bbox 102 931 164 998; x_wconf 86' lang='lat' dir='ltr'><strong>Non</strong></span> <span class='ocrx_word' id='word_1_31' title='bbox 178 951 308 1016; x_wconf 88' lang='lat' dir='ltr'><strong>possum</strong></span> <span class='ocrx_word' id='word_1_32' title='bbox 330 951 398 999; x_wconf 85' lang='lat' dir='ltr'><strong>eam</strong></span> <span class='ocrx_word' id='word_1_33' title='bbox 413 951 540 999; x_wconf 84' lang='lat' dir='ltr'><strong>uxorem</strong></span> <span class='ocrx_word' id='word_1_34' title='bbox 556 933 677 1011; x_wconf 88' lang='lat' dir='ltr'><strong>ducere,</strong></span> <span class='ocrx_word' id='word_1_35' title='bbox 701 951 783 1016; x_wconf 90' lang='lat' dir='ltr'><strong>quae</strong></span> <span class='ocrx_word' id='word_1_36' title='bbox 797 933 871 1000; x_wconf 89' lang='lat' dir='ltr'><strong>mihi</strong></span> <span class='ocrx_word' id='word_1_37' title='bbox 893 934 1083 1018; x_wconf 88' lang='lat' dir='ltr'><strong>quondam</strong></span> <span class='ocrx_word' id='word_1_38' title='bbox 1106 951 1214 1000; x_wconf 89' lang='lat' dir='ltr'><strong>socrus</strong></span> 
     </span>
     <span class='ocr_line' id='line_1_6' title="bbox 102 1049 1266 1137; baseline 0.001 -20"><span class='ocrx_word' id='word_1_39' title='bbox 102 1059 151 1118; x_wconf 88' lang='lat' dir='ltr'><strong>aut</strong></span> <span class='ocrx_word' id='word_1_40' title='bbox 170 1071 309 1122; x_wconf 85' lang='lat' dir='ltr'><strong>nouerca</strong></span> <span class='ocrx_word' id='word_1_41' title='bbox 330 1053 433 1131; x_wconf 83' lang='lat' dir='ltr'><strong>inerit,</strong></span> <span class='ocrx_word' id='word_1_42' title='bbox 456 1053 532 1134; x_wconf 84' lang='lat' dir='ltr'><strong>quie</strong></span> <span class='ocrx_word' id='word_1_43' title='bbox 553 1055 663 1120; x_wconf 88' lang='lat' dir='ltr'><strong>matris</strong></span> <span class='ocrx_word' id='word_1_44' title='bbox 693 1053 759 1121; x_wconf 90' lang='lat' dir='ltr'><strong>loco</strong></span> <span class='ocrx_word' id='word_1_45' title='bbox 787 1061 844 1122; x_wconf 89' lang='lat' dir='ltr'><strong>est.</strong></span> <span class='ocrx_word' id='word_1_46' title='bbox 894 1061 926 1120; x_wconf 91' lang='lat' dir='ltr'><strong>et</strong></span> <span class='ocrx_word' id='word_1_47' title='bbox 953 1073 1061 1122; x_wconf 90' lang='lat' dir='ltr'><strong>socrus</strong></span> <span class='ocrx_word' id='word_1_48' title='bbox 1088 1055 1215 1137; x_wconf 87' lang='lat' dir='ltr'><strong>quidem</strong></span> <span class='ocrx_word' id='word_1_49' title='bbox 1249 1049 1266 1099; x_wconf 81' lang='lat'>⁵</span> 
     </span>
     <span class='ocr_line' id='line_1_7' title="bbox 103 1174 1215 1257; baseline 0 -19"><span class='ocrx_word' id='word_1_50' title='bbox 103 1179 146 1238; x_wconf 89' lang='lat' dir='ltr'><strong>est</strong></span> <span class='ocrx_word' id='word_1_51' title='bbox 164 1191 256 1242; x_wconf 84' lang='lat' dir='ltr'><strong>meae</strong></span> <span class='ocrx_word' id='word_1_52' title='bbox 278 1174 384 1240; x_wconf 87' lang='lat' dir='ltr'><strong>uxoris</strong></span> <span class='ocrx_word' id='word_1_53' title='bbox 406 1180 514 1250; x_wconf 85' lang='lat' dir='ltr'><strong>mater,</strong></span> <span class='ocrx_word' id='word_1_54' title='bbox 543 1192 678 1240; x_wconf 85' lang='lat' dir='ltr'><strong>nouerca</strong></span> <span class='ocrx_word' id='word_1_55' title='bbox 704 1179 809 1240; x_wconf 87' lang='lat' dir='ltr'><strong>autem</strong></span> <span class='ocrx_word' id='word_1_56' title='bbox 838 1174 938 1257; x_wconf 88' lang='lat' dir='ltr'><strong>patris</strong></span> <span class='ocrx_word' id='word_1_57' title='bbox 966 1174 1028 1240; x_wconf 87' lang='lat' dir='ltr'><strong>mei</strong></span> <span class='ocrx_word' id='word_1_58' title='bbox 1056 1193 1150 1252; x_wconf 84' lang='lat' dir='ltr'><strong>uxor,</strong></span> <span class='ocrx_word' id='word_1_59' title='bbox 1179 1193 1215 1240; x_wconf 85' lang='lat' dir='ltr'><strong>ex</strong></span> 
     </span>
     <span class='ocr_line' id='line_1_8' title="bbox 103 1292 1216 1376; baseline -0.002 -18"><span class='ocrx_word' id='word_1_60' title='bbox 103 1311 161 1375; x_wconf 83' lang='lat' dir='ltr'><strong>qua</strong></span> <span class='ocrx_word' id='word_1_61' title='bbox 181 1312 245 1360; x_wconf 92' lang='lat' dir='ltr'><strong>non</strong></span> <span class='ocrx_word' id='word_1_62' title='bbox 268 1311 337 1358; x_wconf 87' lang='lat' dir='ltr'><strong>sum</strong></span> <span class='ocrx_word' id='word_1_63' title='bbox 360 1312 419 1374; x_wconf 84' lang='lat' dir='ltr'><strong>ego</strong></span> <span class='ocrx_word' id='word_1_64' title='bbox 439 1297 542 1359; x_wconf 86' lang='lat' dir='ltr'><strong>natus.</strong></span> <span class='ocrx_word' id='word_1_65' title='bbox 587 1292 637 1360; x_wconf 87' lang='lat' dir='ltr'><strong>hic</strong></span> <span class='ocrx_word' id='word_1_66' title='bbox 658 1311 783 1376; x_wconf 86' lang='lat' dir='ltr'><strong>quoque</strong></span> <span class='ocrx_word' id='word_1_67' title='bbox 805 1292 913 1360; x_wconf 82' lang='lat' dir='ltr'><strong>addidi</strong></span> <span class='ocrx_word' id='word_1_68' title='bbox 943 1292 1156 1375; x_wconf 79' lang='lat' dir='ltr'><strong>»quondam«,</strong></span> <span class='ocrx_word' id='word_1_69' title='bbox 1180 1299 1216 1357; x_wconf 90' lang='lat' dir='ltr'><strong>ut</strong></span> 
     </span>
     <span class='ocr_line' id='line_1_9' title="bbox 103 1410 1216 1494; baseline 0.004 -20"><span class='ocrx_word' id='word_1_70' title='bbox 103 1410 271 1492; x_wconf 81' lang='lat' dir='ltr'><strong>significem</strong></span> <span class='ocrx_word' id='word_1_71' title='bbox 292 1429 442 1494; x_wconf 73' lang='lat' dir='ltr'>personas</span> <span class='ocrx_word' id='word_1_72' title='bbox 464 1431 526 1478; x_wconf 90' lang='lat' dir='ltr'><strong>non</strong></span> <span class='ocrx_word' id='word_1_73' title='bbox 541 1418 657 1490; x_wconf 81' lang='lat' dir='ltr'><strong>extare,</strong></span> <span class='ocrx_word' id='word_1_74' title='bbox 679 1429 760 1492; x_wconf 87' lang='lat' dir='ltr'><strong>quoe</strong></span> <span class='ocrx_word' id='word_1_75' title='bbox 774 1411 969 1493; x_wconf 80' lang='lat' dir='ltr'><strong>cognationis</strong></span> <span class='ocrx_word' id='word_1_76' title='bbox 983 1420 1129 1478; x_wconf 74' lang='lat' dir='ltr'><strong>auctores</strong></span> <span class='ocrx_word' id='word_1_77' title='bbox 1149 1412 1216 1478; x_wconf 81' lang='lat' dir='ltr'><strong>fue-</strong></span> 
     </span>
     <span class='ocr_line' id='line_1_10' title="bbox 102 1530 1217 1613; baseline 0 -17"><span class='ocrx_word' id='word_1_78' title='bbox 102 1531 167 1609; x_wconf 93' lang='lat' dir='ltr'><strong>rint,</strong></span> <span class='ocrx_word' id='word_1_79' title='bbox 183 1549 256 1596; x_wconf 89' lang='lat' dir='ltr'><strong>cum</strong></span> <span class='ocrx_word' id='word_1_80' title='bbox 279 1550 358 1597; x_wconf 83' lang='lat' dir='ltr'><strong>uxor</strong></span> <span class='ocrx_word' id='word_1_81' title='bbox 380 1549 450 1597; x_wconf 83' lang='lat' dir='ltr'><strong>mea</strong></span> <span class='ocrx_word' id='word_1_82' title='bbox 471 1541 601 1613; x_wconf 84' lang='lat' dir='ltr'><strong>paterne</strong></span> <span class='ocrx_word' id='word_1_83' title='bbox 623 1549 711 1596; x_wconf 89' lang='lat' dir='ltr'><strong>mens</strong></span> <span class='ocrx_word' id='word_1_84' title='bbox 733 1535 874 1596; x_wconf 90' lang='lat' dir='ltr'><strong>mortuus</strong></span> <span class='ocrx_word' id='word_1_85' title='bbox 896 1533 948 1596; x_wconf 90' lang='lat' dir='ltr'><strong>sit.</strong></span> <span class='ocrx_word' id='word_1_86' title='bbox 970 1549 1044 1597; x_wconf 87' lang='lat' dir='ltr'><strong>nam</strong></span> <span class='ocrx_word' id='word_1_87' title='bbox 1066 1531 1092 1596; x_wconf 91' lang='lat' dir='ltr'><strong>si</strong></span> <span class='ocrx_word' id='word_1_88' title='bbox 1114 1530 1217 1596; x_wconf 89' lang='lat' dir='ltr'><strong>adhuc</strong></span> 
     </span>
     <span class='ocr_line' id='line_1_11' title="bbox 101 1647 1269 1734; baseline 0.002 -21"><span class='ocrx_word' id='word_1_89' title='bbox 101 1649 251 1725; x_wconf 88' lang='lat' dir='ltr'><strong>uiuerent,</strong></span> <span class='ocrx_word' id='word_1_90' title='bbox 275 1647 401 1733; x_wconf 87' lang='lat' dir='ltr'><strong>nuptias</strong></span> <span class='ocrx_word' id='word_1_91' title='bbox 415 1650 566 1734; x_wconf 82' lang='lat' dir='ltr'><strong>geminari</strong></span> <span class='ocrx_word' id='word_1_92' title='bbox 587 1649 790 1732; x_wconf 82' lang='lat' dir='ltr'><strong>contingeret.</strong></span> <span class='ocrx_word' id='word_1_93' title='bbox 818 1649 843 1714; x_wconf 92' lang='lat' dir='ltr'><strong>si</strong></span> <span class='ocrx_word' id='word_1_94' title='bbox 867 1649 948 1715; x_wconf 88' lang='lat' dir='ltr'><strong>enim</strong></span> <span class='ocrx_word' id='word_1_95' title='bbox 972 1669 1094 1717; x_wconf 87' lang='lat' dir='ltr'><strong>snorum</strong></span> <span class='ocrx_word' id='word_1_96' title='bbox 1116 1668 1216 1716; x_wconf 85' lang='lat' dir='ltr'><strong>meam</strong></span> <span class='ocrx_word' id='word_1_97' title='bbox 1237 1652 1269 1702; x_wconf 90' lang='lat'><strong>1⁰</strong></span> 
     </span>
     <span class='ocr_line' id='line_1_12' title="bbox 101 1769 1217 1850; baseline 0.001 -16"><span class='ocrx_word' id='word_1_98' title='bbox 101 1787 223 1834; x_wconf 84' lang='lat' dir='ltr'><strong>uxorem</strong></span> <span class='ocrx_word' id='word_1_99' title='bbox 248 1769 376 1850; x_wconf 85' lang='lat' dir='ltr'><strong>duxero,</strong></span> <span class='ocrx_word' id='word_1_100' title='bbox 399 1771 476 1835; x_wconf 85' lang='lat' dir='ltr'><strong>duas</strong></span> <span class='ocrx_word' id='word_1_101' title='bbox 498 1769 613 1836; x_wconf 85' lang='lat' dir='ltr'><strong>habere</strong></span> <span class='ocrx_word' id='word_1_102' title='bbox 635 1787 747 1835; x_wconf 84' lang='lat' dir='ltr'><strong>uxores</strong></span> <span class='ocrx_word' id='word_1_103' title='bbox 768 1769 917 1849; x_wconf 91' lang='lat' dir='ltr'><strong>uidebor,</strong></span> <span class='ocrx_word' id='word_1_104' title='bbox 946 1787 1070 1835; x_wconf 88' lang='lat' dir='ltr'><strong>socrum</strong></span> <span class='ocrx_word' id='word_1_105' title='bbox 1099 1769 1217 1838; x_wconf 88' lang='lat' dir='ltr'><strong>scilicet</strong></span> 
     </span>
     <span class='ocr_line' id='line_1_13' title="bbox 102 1887 1217 1974; baseline 0.002 -22"><span class='ocrx_word' id='word_1_106' title='bbox 102 1888 225 1974; x_wconf 89' lang='lat' dir='ltr'><strong>eiusque</strong></span> <span class='ocrx_word' id='word_1_107' title='bbox 248 1887 557 1970; x_wconf 76' lang='lat' dir='ltr'><strong>filiam31inautem</strong></span> <span class='ocrx_word' id='word_1_108' title='bbox 580 1907 756 1969; x_wconf 86' lang='lat' dir='ltr'><strong>nouercam,</strong></span> <span class='ocrx_word' id='word_1_109' title='bbox 779 1891 848 1972; x_wconf 85' lang='lat' dir='ltr'><strong>ipsa</strong></span> <span class='ocrx_word' id='word_1_110' title='bbox 870 1889 948 1956; x_wconf 86' lang='lat' dir='ltr'><strong>duos</strong></span> <span class='ocrx_word' id='word_1_111' title='bbox 979 1890 1095 1956; x_wconf 85' lang='lat' dir='ltr'><strong>habere</strong></span> <span class='ocrx_word' id='word_1_112' title='bbox 1125 1890 1217 1960; x_wconf 87' lang='lat' dir='ltr'><strong>mari-</strong></span> 
     </span>
     <span class='ocr_line' id='line_1_14' title="bbox 101 2008 1216 2092; baseline 0.002 -20"><span class='ocrx_word' id='word_1_113' title='bbox 101 2011 145 2072; x_wconf 88' lang='lat' dir='ltr'><strong>tos</strong></span> <span class='ocrx_word' id='word_1_114' title='bbox 165 2008 380 2091; x_wconf 81' lang='lat' dir='ltr'><strong>intellegetur,</strong></span> <span class='ocrx_word' id='word_1_115' title='bbox 401 2014 523 2092; x_wconf 85' lang='lat' dir='ltr'><strong>patrem</strong></span> <span class='ocrx_word' id='word_1_116' title='bbox 544 2028 650 2076; x_wconf 91' lang='lat' dir='ltr'><strong>meum</strong></span> <span class='ocrx_word' id='word_1_117' title='bbox 672 2017 705 2076; x_wconf 90' lang='lat' dir='ltr'><strong>et</strong></span> <span class='ocrx_word' id='word_1_118' title='bbox 727 2029 777 2074; x_wconf 90' lang='lat' dir='ltr'><strong>me</strong></span> <span class='ocrx_word' id='word_1_119' title='bbox 794 2009 970 2090; x_wconf 82' lang='lat' dir='ltr'><strong>metipsum.</strong></span> <span class='ocrx_word' id='word_1_120' title='bbox 1007 2009 1091 2075; x_wconf 87' lang='lat' dir='ltr'><strong>nosti</strong></span> <span class='ocrx_word' id='word_1_121' title='bbox 1111 2016 1216 2075; x_wconf 89' lang='lat' dir='ltr'><strong>autem</strong></span> 
     </span>
    </p>

    <p class='ocr_par' dir='ltr' id='par_1_4' title="bbox 67 2127 1268 2812">
     <span class='ocr_line' id='line_1_15' title="bbox 67 2127 1216 2212; baseline -0.002 -19"><span class='ocrx_word' id='word_1_122' title='bbox 67 2135 86 2186; x_wconf 77' lang='grc'><strong>8.</strong></span> <span class='ocrx_word' id='word_1_123' title='bbox 102 2127 264 2209; x_wconf 83' lang='lat' dir='ltr'><strong>capitalem</strong></span> <span class='ocrx_word' id='word_1_124' title='bbox 292 2147 423 2210; x_wconf 84' lang='lat' dir='ltr'><strong>poenam</strong></span> <span class='ocrx_word' id='word_1_125' title='bbox 454 2128 596 2195; x_wconf 88' lang='lat' dir='ltr'><strong>binarum</strong></span> <span class='ocrx_word' id='word_1_126' title='bbox 627 2129 805 2212; x_wconf 78' lang='lat' dir='ltr'><strong>nuptiarum</strong></span> <span class='ocrx_word' id='word_1_127' title='bbox 834 2147 903 2195; x_wconf 90' lang='lat' dir='ltr'><strong>csse</strong></span> <span class='ocrx_word' id='word_1_128' title='bbox 930 2128 1142 2195; x_wconf 85' lang='lat' dir='ltr'><strong>constitutam.</strong></span> <span class='ocrx_word' id='word_1_129' title='bbox 1187 2127 1216 2192; x_wconf 90' lang='lat'><strong>8.</strong></span> 
     </span>
     <span class='ocr_line' id='line_1_16' title="bbox 103 2247 1268 2329; baseline -0.001 -17"><span class='ocrx_word' id='word_1_130' title='bbox 103 2247 221 2314; x_wconf 89' lang='lat' dir='ltr'><strong>Primus</strong></span> <span class='ocrx_word' id='word_1_131' title='bbox 249 2248 305 2329; x_wconf 85' lang='lat' dir='ltr'><strong>qui</strong></span> <span class='ocrx_word' id='word_1_132' title='bbox 332 2247 430 2314; x_wconf 86' lang='lat' dir='ltr'><strong>filium</strong></span> <span class='ocrx_word' id='word_1_133' title='bbox 459 2268 497 2316; x_wconf 84' lang='lat' dir='ltr'><strong>en</strong></span> <span class='ocrx_word' id='word_1_134' title='bbox 522 2247 607 2315; x_wconf 81' lang='lat' dir='ltr'><strong>Titia</strong></span> <span class='ocrx_word' id='word_1_135' title='bbox 632 2249 802 2327; x_wconf 79' lang='lat' dir='ltr'><strong>habuerat,</strong></span> <span class='ocrx_word' id='word_1_136' title='bbox 832 2247 970 2314; x_wconf 85' lang='lat' dir='ltr'><strong>Primam</strong></span> <span class='ocrx_word' id='word_1_137' title='bbox 1002 2267 1130 2314; x_wconf 84' lang='lat' dir='ltr'><strong>uxorem</strong></span> <span class='ocrx_word' id='word_1_138' title='bbox 1161 2248 1218 2313; x_wconf 89' lang='lat' dir='ltr'><strong>du·</strong></span> <span class='ocrx_word' id='word_1_139' title='bbox 1238 2261 1268 2312; x_wconf 81' lang='lat'><strong>15</strong></span> 
     </span>
     <span class='ocr_line' id='line_1_17' title="bbox 101 2365 1218 2452; baseline -0.002 -20"><span class='ocrx_word' id='word_1_140' title='bbox 101 2367 157 2448; x_wconf 86' lang='lat' dir='ltr'><strong>nit,</strong></span> <span class='ocrx_word' id='word_1_141' title='bbox 186 2387 273 2452; x_wconf 86' lang='lat' dir='ltr'><strong>quae</strong></span> <span class='ocrx_word' id='word_1_142' title='bbox 300 2367 398 2435; x_wconf 84' lang='lat' dir='ltr'><strong>filiam</strong></span> <span class='ocrx_word' id='word_1_143' title='bbox 426 2388 464 2435; x_wconf 87' lang='lat' dir='ltr'><strong>ex</strong></span> <span class='ocrx_word' id='word_1_144' title='bbox 486 2368 568 2438; x_wconf 83' lang='lat' dir='ltr'><strong>Titio</strong></span> <span class='ocrx_word' id='word_1_145' title='bbox 594 2371 770 2447; x_wconf 88' lang='lat' dir='ltr'><strong>habuerat,</strong></span> <span class='ocrx_word' id='word_1_146' title='bbox 803 2375 859 2435; x_wconf 85' lang='lat' dir='ltr'><strong>aut</strong></span> <span class='ocrx_word' id='word_1_147' title='bbox 890 2389 927 2436; x_wconf 83' lang='lat' dir='ltr'><strong>en</strong></span> <span class='ocrx_word' id='word_1_148' title='bbox 955 2369 1110 2434; x_wconf 88' lang='lat' dir='ltr'><strong>contrario</strong></span> <span class='ocrx_word' id='word_1_149' title='bbox 1137 2365 1218 2433; x_wconf 88' lang='lat' dir='ltr'><strong>alter</strong></span> 
     </span>
     <span class='ocr_line' id='line_1_18' title="bbox 101 2485 1219 2573; baseline -0.002 -21"><span class='ocrx_word' id='word_1_150' title='bbox 101 2485 190 2554; x_wconf 86' lang='lat' dir='ltr'><strong>filiam</strong></span> <span class='ocrx_word' id='word_1_151' title='bbox 212 2488 361 2568; x_wconf 84' lang='lat' dir='ltr'><strong>habebat,</strong></span> <span class='ocrx_word' id='word_1_152' title='bbox 383 2487 484 2556; x_wconf 85' lang='lat' dir='ltr'><strong>altera</strong></span> <span class='ocrx_word' id='word_1_153' title='bbox 505 2488 612 2556; x_wconf 91' lang='lat' dir='ltr'><strong>filium.</strong></span> <span class='ocrx_word' id='word_1_154' title='bbox 658 2490 768 2557; x_wconf 84' lang='lat' dir='ltr'><strong>horum</strong></span> <span class='ocrx_word' id='word_1_155' title='bbox 795 2487 862 2568; x_wconf 87' lang='lat' dir='ltr'><strong>filii,</strong></span> <span class='ocrx_word' id='word_1_156' title='bbox 885 2489 939 2573; x_wconf 87' lang='lat' dir='ltr'><strong>qui</strong></span> <span class='ocrx_word' id='word_1_157' title='bbox 968 2487 1051 2571; x_wconf 86' lang='lat' dir='ltr'><strong>opud</strong></span> <span class='ocrx_word' id='word_1_158' title='bbox 1080 2486 1219 2552; x_wconf 82' lang='lat' dir='ltr'><strong>Graecos</strong></span> 
     </span>
     <span class='ocr_line' id='line_1_19' title="bbox 102 2603 1220 2696; baseline 0 -26"><span class='ocrx_word' id='word_1_159' title='bbox 102 2607 192 2690; x_wconf 83' lang='lat' dir='ltr'><strong>uulgo</strong></span> <span class='ocrx_word' id='word_1_160' title='bbox 215 2608 480 2696; x_wconf 65' lang='grc' dir='ltr'><em>ἀλληλοπρόγονοι</em></span> <span class='ocrx_word' id='word_1_161' title='bbox 501 2609 643 2688; x_wconf 88' lang='lat' dir='ltr'><strong>audiunt,</strong></span> <span class='ocrx_word' id='word_1_162' title='bbox 664 2616 749 2678; x_wconf 89' lang='lat' dir='ltr'><strong>recte</strong></span> <span class='ocrx_word' id='word_1_163' title='bbox 771 2610 905 2675; x_wconf 86' lang='lat' dir='ltr'><strong>inuicem</strong></span> <span class='ocrx_word' id='word_1_164' title='bbox 920 2609 1161 2688; x_wconf 78' lang='lat' dir='ltr'><strong>coniunguntur,</strong></span> <span class='ocrx_word' id='word_1_165' title='bbox 1184 2603 1220 2670; x_wconf 92' lang='lat' dir='ltr'><strong>li·</strong></span> 
     </span>
     <span class='ocr_line' id='line_1_20' title="bbox 103 2725 1220 2812; baseline -0.001 -21"><span class='ocrx_word' id='word_1_166' title='bbox 103 2733 147 2792; x_wconf 89' lang='lat' dir='ltr'><strong>cet</strong></span> <span class='ocrx_word' id='word_1_167' title='bbox 167 2727 270 2796; x_wconf 83' lang='lat' dir='ltr'><strong>frater</strong></span> <span class='ocrx_word' id='word_1_168' title='bbox 290 2747 420 2796; x_wconf 86' lang='lat' dir='ltr'><strong>scronue</strong></span> <span class='ocrx_word' id='word_1_169' title='bbox 441 2729 519 2812; x_wconf 85' lang='lat' dir='ltr'><strong>ipsis</strong></span> <span class='ocrx_word' id='word_1_170' title='bbox 547 2734 694 2796; x_wconf 86' lang='lat' dir='ltr'><strong>nascatur</strong></span> <span class='ocrx_word' id='word_1_171' title='bbox 723 2747 762 2794; x_wconf 83' lang='lat' dir='ltr'><strong>en</strong></span> <span class='ocrx_word' id='word_1_172' title='bbox 788 2727 1002 2806; x_wconf 87' lang='lat' dir='ltr'><strong>matrimonio,</strong></span> <span class='ocrx_word' id='word_1_173' title='bbox 1032 2725 1115 2808; x_wconf 82' lang='lat' dir='ltr'><strong>quod</strong></span> <span class='ocrx_word' id='word_1_174' title='bbox 1146 2730 1220 2807; x_wconf 82' lang='lat' dir='ltr'><strong>post</strong></span> 
     </span>
    </p>

    <p class='ocr_par' dir='ltr' id='par_1_5' title="bbox 68 2845 1271 3293">
     <span class='ocr_line' id='line_1_21' title="bbox 68 2845 1271 2916; baseline -0.001 -4"><span class='ocrx_word' id='word_1_175' title='bbox 68 2849 88 2901; x_wconf 79' lang='grc'><strong>9-</strong></span> <span class='ocrx_word' id='word_1_176' title='bbox 102 2863 151 2914; x_wconf 88' lang='lat' dir='ltr'><strong>oos</strong></span> <span class='ocrx_word' id='word_1_177' title='bbox 176 2855 273 2914; x_wconf 89' lang='lat' dir='ltr'><strong>natos</strong></span> <span class='ocrx_word' id='word_1_178' title='bbox 301 2851 497 2914; x_wconf 81' lang='lat' dir='ltr'><strong>contractum</strong></span> <span class='ocrx_word' id='word_1_179' title='bbox 525 2852 582 2914; x_wconf 91' lang='lat' dir='ltr'><strong>est.</strong></span> <span class='ocrx_word' id='word_1_180' title='bbox 627 2849 656 2911; x_wconf 82' lang='grc'><strong>9.</strong></span> <span class='ocrx_word' id='word_1_181' title='bbox 691 2847 777 2914; x_wconf 83' lang='lat' dir='ltr'><strong>Uxor</strong></span> <span class='ocrx_word' id='word_1_182' title='bbox 805 2865 874 2916; x_wconf 86' lang='lat' dir='ltr'><strong>meo</strong></span> <span class='ocrx_word' id='word_1_183' title='bbox 903 2864 974 2912; x_wconf 90' lang='lat' dir='ltr'><strong>cnm</strong></span> <span class='ocrx_word' id='word_1_184' title='bbox 1000 2845 1169 2911; x_wconf 88' lang='lat' dir='ltr'><strong>diuortium</strong></span> <span class='ocrx_word' id='word_1_185' title='bbox 1198 2860 1271 2911; x_wconf 81' lang='lat' dir='ltr'><strong>aaa</strong></span> 
     </span>
     <span class='ocr_line' id='line_1_22' title="bbox 103 2964 1220 3050; baseline -0.003 -18"><span class='ocrx_word' id='word_1_186' title='bbox 103 2983 148 3032; x_wconf 90' lang='lat' dir='ltr'><strong>mc</strong></span> <span class='ocrx_word' id='word_1_187' title='bbox 168 2967 308 3047; x_wconf 85' lang='lat' dir='ltr'><strong>iecisset,</strong></span> <span class='ocrx_word' id='word_1_188' title='bbox 329 2968 423 3034; x_wconf 86' lang='lat' dir='ltr'><strong>alteri</strong></span> <span class='ocrx_word' id='word_1_189' title='bbox 443 2968 512 3034; x_wconf 91' lang='lat' dir='ltr'><strong>niro</strong></span> <span class='ocrx_word' id='word_1_190' title='bbox 534 2973 633 3049; x_wconf 85' lang='lat' dir='ltr'><strong>nupta</strong></span> <span class='ocrx_word' id='word_1_191' title='bbox 655 2972 712 3046; x_wconf 82' lang='lat' dir='ltr'><strong>cst</strong></span> <span class='ocrx_word' id='word_1_192' title='bbox 735 2985 774 3032; x_wconf 86' lang='lat' dir='ltr'><strong>ex</strong></span> <span class='ocrx_word' id='word_1_193' title='bbox 795 2985 856 3050; x_wconf 90' lang='lat' dir='ltr'><strong>quo</strong></span> <span class='ocrx_word' id='word_1_194' title='bbox 875 2965 968 3032; x_wconf 86' lang='lat' dir='ltr'><strong>filiam</strong></span> <span class='ocrx_word' id='word_1_195' title='bbox 983 2964 1103 3032; x_wconf 88' lang='lat' dir='ltr'><strong>habuit.</strong></span> <span class='ocrx_word' id='word_1_196' title='bbox 1125 2981 1220 3044; x_wconf 85' lang='lat' dir='ltr'><strong>quae·</strong></span> 
     </span>
     <span class='ocr_line' id='line_1_23' title="bbox 103 3082 1221 3170; baseline -0.002 -22"><span class='ocrx_word' id='word_1_197' title='bbox 103 3085 179 3151; x_wconf 87' lang='lat' dir='ltr'><strong>ritur</strong></span> <span class='ocrx_word' id='word_1_198' title='bbox 200 3106 242 3153; x_wconf 82' lang='lat' dir='ltr'><strong>an</strong></span> <span class='ocrx_word' id='word_1_199' title='bbox 265 3085 360 3153; x_wconf 86' lang='lat' dir='ltr'><strong>filiam</strong></span> <span class='ocrx_word' id='word_1_200' title='bbox 382 3106 420 3153; x_wconf 86' lang='lat' dir='ltr'><strong>ex</strong></span> <span class='ocrx_word' id='word_1_201' title='bbox 446 3105 485 3153; x_wconf 86' lang='lat' dir='ltr'><strong>ea</strong></span> <span class='ocrx_word' id='word_1_202' title='bbox 512 3093 618 3153; x_wconf 87' lang='lat' dir='ltr'><strong>natam</strong></span> <span class='ocrx_word' id='word_1_203' title='bbox 646 3105 772 3154; x_wconf 89' lang='lat' dir='ltr'><strong>uxorem</strong></span> <span class='ocrx_word' id='word_1_204' title='bbox 803 3087 916 3153; x_wconf 87' lang='lat' dir='ltr'><strong>ducere</strong></span> <span class='ocrx_word' id='word_1_205' title='bbox 944 3083 1086 3170; x_wconf 81' lang='lat' dir='ltr'><strong>possim?</strong></span> <span class='ocrx_word' id='word_1_206' title='bbox 1114 3089 1147 3149; x_wconf 87' lang='lat' dir='ltr'><strong>et</strong></span> <span class='ocrx_word' id='word_1_207' title='bbox 1174 3082 1221 3147; x_wconf 93' lang='lat' dir='ltr'><strong>ait</strong></span> 
     </span>
     <span class='ocr_line' id='line_1_24' title="bbox 105 3201 1221 3293; baseline -0.005 -21"><span class='ocrx_word' id='word_1_208' title='bbox 105 3202 272 3292; x_wconf 88' lang='lat' dir='ltr'><strong>[lulianus]</strong></span> <span class='ocrx_word' id='word_1_209' title='bbox 294 3206 378 3272; x_wconf 83' lang='lat' dir='ltr'><strong>illam</strong></span> <span class='ocrx_word' id='word_1_210' title='bbox 400 3205 525 3293; x_wconf 85' lang='lat' dir='ltr'><strong>quidem</strong></span> <span class='ocrx_word' id='word_1_211' title='bbox 547 3206 725 3288; x_wconf 81' lang='lat' dir='ltr'><strong>priuignam</strong></span> <span class='ocrx_word' id='word_1_212' title='bbox 747 3223 848 3272; x_wconf 87' lang='lat' dir='ltr'><strong>meam</strong></span> <span class='ocrx_word' id='word_1_213' title='bbox 870 3223 933 3270; x_wconf 91' lang='lat' dir='ltr'><strong>non</strong></span> <span class='ocrx_word' id='word_1_214' title='bbox 962 3223 1047 3282; x_wconf 87' lang='lat' dir='ltr'><strong>esso,</strong></span> <span class='ocrx_word' id='word_1_215' title='bbox 1074 3221 1144 3270; x_wconf 89' lang='lat' dir='ltr'><strong>cnm</strong></span> <span class='ocrx_word' id='word_1_216' title='bbox 1166 3201 1221 3268; x_wconf 88' lang='lat' dir='ltr'><strong>illa</strong></span> 
     </span>
    </p>
   </div>
   <div class='ocr_carea' id='block_1_3' title="bbox 103 3321 1271 3526">
    <p class='ocr_par' dir='ltr' id='par_1_6' title="bbox 103 3321 1271 3526">
     <span class='ocr_line' id='line_1_25' title="bbox 103 3321 1221 3409; baseline 0 -19"><span class='ocrx_word' id='word_1_217' title='bbox 103 3325 246 3408; x_wconf 80' lang='lat' dir='ltr'><strong>priuigno</strong></span> <span class='ocrx_word' id='word_1_218' title='bbox 272 3325 316 3395; x_wconf 85' lang='lat' dir='ltr'><strong>sit</strong></span> <span class='ocrx_word' id='word_1_219' title='bbox 337 3343 418 3409; x_wconf 87' lang='lat' dir='ltr'><strong>quae</strong></span> <span class='ocrx_word' id='word_1_220' title='bbox 445 3330 518 3392; x_wconf 85' lang='lat' dir='ltr'><strong>ante</strong></span> <span class='ocrx_word' id='word_1_221' title='bbox 547 3326 672 3408; x_wconf 73' lang='lat' dir='ltr'><strong>nepaes</strong></span> <span class='ocrx_word' id='word_1_222' title='bbox 699 3343 784 3392; x_wconf 83' lang='lat' dir='ltr'><strong>meas</strong></span> <span class='ocrx_word' id='word_1_223' title='bbox 810 3323 852 3391; x_wconf 91' lang='lat' dir='ltr'><strong>sit</strong></span> <span class='ocrx_word' id='word_1_224' title='bbox 880 3329 1061 3406; x_wconf 83' lang='lat' dir='ltr'><strong>procreata3</strong></span> <span class='ocrx_word' id='word_1_225' title='bbox 1091 3328 1140 3390; x_wconf 90' lang='lat' dir='ltr'><strong>set</strong></span> <span class='ocrx_word' id='word_1_226' title='bbox 1166 3321 1221 3390; x_wconf 69' lang='lat' dir='ltr'><strong>ho,-</strong></span> 
     </span>
     <span class='ocr_line' id='line_1_26' title="bbox 104 3436 1271 3526; baseline -0.003 -17"><span class='ocrx_word' id='word_1_227' title='bbox 104 3446 219 3512; x_wconf 88' lang='lat' dir='ltr'><strong>nestius</strong></span> <span class='ocrx_word' id='word_1_228' title='bbox 242 3464 312 3514; x_wconf 89' lang='lat' dir='ltr'><strong>esse</strong></span> <span class='ocrx_word' id='word_1_229' title='bbox 335 3445 487 3512; x_wconf 86' lang='lat' dir='ltr'><strong>eiusmodi</strong></span> <span class='ocrx_word' id='word_1_230' title='bbox 510 3445 628 3526; x_wconf 86' lang='lat' dir='ltr'><strong>nuptiis</strong></span> <span class='ocrx_word' id='word_1_231' title='bbox 650 3464 699 3512; x_wconf 89' lang='lat' dir='ltr'><strong>me</strong></span> <span class='ocrx_word' id='word_1_232' title='bbox 727 3444 895 3512; x_wconf 89' lang='lat' dir='ltr'><strong>abstinere.</strong></span> <span class='ocrx_word' id='word_1_233' title='bbox 946 3461 1018 3510; x_wconf 88' lang='lat' dir='ltr'><strong>nam</strong></span> <span class='ocrx_word' id='word_1_234' title='bbox 1046 3448 1080 3508; x_wconf 91' lang='lat' dir='ltr'><strong>ct</strong></span> <span class='ocrx_word' id='word_1_235' title='bbox 1105 3458 1220 3524; x_wconf 85' lang='lat' dir='ltr'><strong>sponsa</strong></span> <span class='ocrx_word' id='word_1_236' title='bbox 1238 3436 1271 3488; x_wconf 79' lang='lat'><strong>25</strong></span> 
     </span>
    </p>
   </div>
   <div class='ocr_carea' id='block_1_4' title="bbox 0 0 1524 4884">
    <p class='ocr_par' dir='ltr' id='par_1_7' title="bbox 0 0 1524 4884">
     <span class='ocr_line' id='line_1_27' title="bbox 0 0 1524 4884; baseline 0 0"><span class='ocrx_word' id='word_1_237' title='bbox 0 0 1524 4884; x_wconf 95' lang='lat' dir='ltr'><strong> </strong></span> 
     </span>
    </p>
   </div>
  </div>
 </body>
</html>
