3058 4890
578 431 620 444 -
666 393 813 458 248-

105 580 407 650 fideieommissum
430 583 588 664 relinquit,
610 583 677 648 siue
700 580 781 647 alius
803 581 1005 664 quicumque,
1030 581 1056 646 si
1079 581 1170 646 heres
1193 599 1262 663 per-

105 699 187 767 fidia
212 707 334 770 tentus
359 703 432 769 fidei
456 721 533 770 snae
555 704 752 769 commissum
776 699 947 782 adimplere
961 707 1095 778 recusat,
1119 700 1260 782 negando

108 819 237 903 aliquid
264 822 431 889 eiusmodi
456 841 525 888 esso
553 823 774 900 subsecutum,
800 827 833 886 et
862 819 1167 886 fideicommissarius
1190 837 1260 886 con·

107 941 268 1021 uranicae,
295 943 397 1009 liceat
419 945 456 1022 ei,
480 962 549 1010 cum
564 941 653 1024 prius
673 941 740 1026 ipse
763 942 801 1006 de
824 941 979 1004 calumnia
1001 938 1155 1004 iurauerit
1178 939 1260 1022 (sese
1299 999 1301 1003 .

105 1079 229 1142 nempe
255 1081 327 1128 non
352 1061 561 1128 calumniandi
583 1061 685 1128 animo
712 1058 931 1125 iusiurandum
955 1058 1090 1141 deferre)
1113 1057 1258 1124 heredem
1293 1065 1310 1115 5

105 1199 229 1262 cogere
256 1183 370 1248 iurare
392 1180 663 1248 fideicommissum
687 1199 748 1245 non
779 1197 847 1244 esse
877 1179 1030 1244 relictum.
1076 1176 1189 1257 quodsi
1212 1197 1259 1242 re-

105 1307 206 1366 cuset
232 1301 336 1368 heres
358 1301 478 1377 iurare,
508 1306 668 1366 coartetur
694 1299 734 1364 ad
763 1297 992 1363 fideicommissi
1022 1295 1073 1362 uei
1100 1296 1259 1362 uniuersa·

105 1419 151 1483 lis
177 1418 236 1484 uel
261 1420 412 1500 specialis
435 1417 632 1493 solutionem,
654 1437 694 1482 ne
717 1419 865 1500 depereat
887 1415 998 1482 ultima
1020 1417 1180 1482 testatoris
1204 1435 1259 1482 uo·

107 1538 244 1617 mntem,
269 1541 328 1621 qui
351 1542 454 1606 omnia
480 1539 552 1606 fidei
574 1541 765 1607 commiserit
786 1539 920 1606 heredis.
966 1541 1015 1604 sin
1043 1545 1148 1606 autem
1175 1540 1258 1606 ale·

108 1658 248 1737 gatario
275 1659 370 1725 uela
396 1659 467 1724 fidei
498 1659 708 1726 commissario
737 1659 887 1725 eiusmodi
914 1657 1187 1724 fideicommissum
1210 1678 1257 1726 re·
1277 1657 1309 1708 10

108 1775 232 1843 lictum
258 1781 318 1856 sit,
341 1779 449 1845 eadem
477 1781 696 1845 obseruantur.
749 1786 781 1844 et
809 1782 836 1844 si
865 1779 979 1845 infitias
1009 1786 1059 1845 eat
1086 1780 1256 1862 legatarius

110 1895 169 1962 uel
192 1896 509 1964 fideicommissarius
532 1898 675 1964 relictum
698 1917 767 1963 esse
789 1897 1072 1978 fideicommissum,
1095 1906 1152 1964 aut
1174 1899 1257 1965 iuret

110 2015 145 2080 id
171 2035 240 2082 non
259 2035 330 2082 esse
345 2017 487 2083 relictum
504 2023 569 2096 ant,
591 2018 618 2082 si
634 2025 766 2096 recuset,
790 2017 1063 2086 fideicommissum
1085 2019 1255 2100 persoluat.

113 2135 143 2199 si
167 2134 199 2201 is
225 2137 284 2219 qni
306 2136 543 2203 fideicommisso
566 2148 714 2204 oneratus
738 2141 795 2216 est,
820 2136 1007 2204 confiteatur
1028 2137 1152 2218 quidem
1168 2135 1254 2204 fidei-

115 2257 327 2321 commissum
350 2275 370 2320 a
392 2263 491 2322 semet
513 2275 582 2323 esse
608 2257 770 2336 relictum,
799 2256 839 2321 ad
862 2257 941 2321 iuris
971 2263 1076 2322 antem
1099 2257 1306 2341 suptilia-1⁶

115 2382 185 2439 tem
212 2377 378 2456 decurrat,
404 2377 508 2443 dicens
537 2396 598 2444 non
621 2377 761 2443 adfuisse
788 2378 926 2460 quinque
956 2382 1052 2442 testes
1076 2396 1145 2444 cum
1168 2375 1254 2444 fidei-

118 2497 326 2562 commissum
349 2496 493 2564 relictum
517 2505 574 2578 est,
603 2505 713 2580 utpote
742 2497 797 2578 qui
827 2516 909 2562 uana
939 2497 1117 2564 defensioue
1144 2503 1253 2563 utatur

119 2609 400 2682 fideicommissum
423 2618 548 2684 soluere
568 2619 635 2684 sine
657 2616 854 2684 dubitatione
876 2625 1018 2698 cogatur.

176 4283 278 4336 neonis.
290 4286 402 4328 Antecess-
416 4298 458 4328 roc.
472 4285 560 4328 verrini.
