3022 4884
576 402 809 478 —158-¹

134 586 245 662 Qum
263 588 433 678 eumaeo.
457 586 535 664 viii
557 587 677 668 dionae
698 588 814 674 meda
831 589 988 668 eiusmodi
1009 591 1255 672 maueiomatia

138 725 220 791 quae
240 708 282 774 ud
304 707 470 790 pristinam
492 711 655 780 materiam
684 714 823 794 nequeat
851 709 980 778 maenti
1024 709 1118 778 VIIII
1139 730 1177 778 ax
1198 730 1257 780 aaa

135 826 280 895 alienans
302 827 436 896 materia
457 828 571 910 speciei
593 829 753 896 confectio.
798 829 983 897 Xduorum
1006 831 1156 908 materiae
1178 832 1259 900 eius·

137 947 210 1013 dem
243 946 401 1014 diuersiue
438 947 561 1030 generis
598 949 774 1016 commixtio
806 967 843 1015 ex
870 949 1066 1016 dominorum
1095 950 1258 1018 uoluntate

137 1085 196 1132 seu
228 1066 365 1134 fortuita
414 1066 460 1133 XI
486 1068 596 1150 regula
617 1087 655 1135 ex
681 1085 744 1151 qua
772 1069 1013 1152 superimposita
1040 1071 1189 1138 subiectis
1210 1091 1259 1140 ce·
1292 1085 1310 1138 a

139 1187 230 1265 dunt,
253 1191 289 1252 ut
310 1186 417 1254 multis
439 1186 587 1270 exemplis
609 1187 711 1253 nuum
733 1192 795 1254 est:
818 1187 916 1256 ueluti
938 1189 1082 1270 quotiens
1098 1208 1135 1256 ex
1157 1190 1260 1258 aliena

139 1305 273 1373 materia
302 1306 426 1371 domum
453 1305 486 1370 in
513 1324 582 1372 meo
609 1307 675 1372 solo
705 1306 933 1374 aedificauerim
960 1308 1012 1376 uei
1039 1327 1076 1374 ex
1103 1328 1173 1375 mea
1198 1328 1260 1377 ma·

125 1417 224 1489 ‘teria
251 1423 283 1488 in
311 1422 377 1490 solo
406 1423 508 1491 alieno
538 1426 589 1491 uel
615 1427 760 1493 arborem
787 1426 920 1494 alienam
947 1429 979 1494 in
1005 1447 1074 1495 meo
1100 1429 1261 1511 plantans

141 1545 201 1609 rim
225 1541 338 1624 inodo,
366 1545 420 1609 uel
442 1562 480 1609 ex
502 1543 626 1610 diuerso
653 1545 797 1611 arborem
825 1563 927 1612 meam
955 1548 987 1613 in
1013 1547 1114 1615 alieno
1141 1549 1261 1632 planta·

140 1664 241 1733 nerim
264 1663 330 1734 solo
351 1669 387 1740 ut
409 1670 441 1734 et
462 1662 584 1734 radicas
607 1663 706 1748 egerit
727 1665 780 1739 uel
800 1664 925 1738 litterae
938 1665 1015 1735 meis
1031 1666 1148 1737 chartis
1165 1685 1260 1735 mem·
1281 1668 1315 1724 10

143 1784 294 1852 branisue
322 1783 493 1867 inscriptae
520 1784 593 1850 sint
643 1804 736 1868 porro
761 1785 794 1856 ia
821 1786 956 1868 imagine
985 1786 1095 1868 regula
1120 1792 1262 1878 praeter·

143 1901 243 1968 missa
264 1909 328 1982 est;
351 1903 434 1969 cedit
455 1903 538 1970 enim
558 1902 668 1969 *tabula
688 1903 840 1986 picturae.
868 1901 933 1968 ΧΠ
954 1905 1054 1972 bonas
1075 1903 1147 1971 fidei
1169 1904 1263 1972 aliani

145 2021 215 2102 agri
238 2023 394 2104 possessio
412 2028 448 2087 et
469 2021 560 2088 satio
604 2022 683 2087 Xlii
703 2021 866 2088 thensauri
886 2022 1027 2090 inuentio
1048 2023 1081 2089 in
1101 2025 1171 2090 'loco
1193 2043 1263 2108 prc-

142 2143 212 2223 prio
240 2159 369 2208 sacroue
394 2141 580 2226 religiosoue
607 2141 750 2207 fortuitu:
774 2143 801 2208 si
823 2143 902 2208 enim
925 2143 957 2216 in
980 2142 1081 2208 alieno
1103 2142 1171 2211 loco
1193 2145 1263 2226 quis

144 2261 313 2340 inuenerit,
336 2260 481 2329 dimidiae
501 2261 602 2343 partis
624 2259 769 2327 dominus
791 2260 854 2341 fiet,
877 2262 945 2326 siue
959 2261 1077 2347 priuati
1098 2263 1166 2329 siue
1188 2261 1264 2329 Cae
1283 2271 1314 2325 15

144 2379 228 2454 saris
251 2378 320 2450 siue
341 2378 408 2450 fisci
430 2378 498 2448 siue
520 2379 657 2456 ciuitatis
682 2379 771 2454 iocus
802 2380 852 2454 eit.
904 2377 1000 2449 XIIII
1029 2381 1174 2464 deinceps
1201 2387 1265 2452 tra·

144 2502 233 2572 ditio.
277 2501 354 2576 iuris
377 2501 477 2572 ciuilis
507 2501 733 2585 adquisitiones
761 2500 834 2572 oiim
861 2502 986 2583 quidem
1008 2502 1160 2584 quinque,
1182 2519 1264 2575 nnuc

146 2639 226 2688 uano
254 2627 412 2704 cumbum.
469 2632 504 2686 ut
540 2640 611 2688 ecce
636 2619 653 2684 1
681 2621 831 2703 usucapio
858 2622 891 2687 11
920 2622 1070 2687 diuturna
1098 2621 1263 2702 possessio.

148 2739 198 2804 111
220 2741 304 2825 quod
323 2739 399 2806 olim
421 2741 582 2823 optinebat
603 2741 652 2807 ius
675 2740 877 2808 adcrescendi
893 2747 1062 2808 extumere
1076 2741 1160 2807 iacta
1180 2743 1265 2808 serui

147 2863 267 2944 proprii
289 2862 537 2928 manumissione.
582 2856 648 2924 ΙΠΙ
668 2860 816 2943 legatum.
849 2861 877 2928 V
899 2860 1181 2928 fideicommissum.
1217 2866 1266 2931 set
1283 2875 1318 2928 uo

148 2982 209 3046 bae
236 2981 411 3068 singulares
437 2981 587 3046 dicuntur
612 2979 839 3073 adquisitiones
867 2981 941 3064 quia
971 3000 1067 3046 unum
1092 2979 1177 3070 quid
1207 2986 1265 3059 est,

149 3101 234 3184 quod
250 3099 425 3190 perficitur,
448 3107 480 3166 at
497 3099 644 3192 „singulae
665 3118 717 3165 res
738 3101 769 3173 in
799 3103 937 3172 nostiam
965 3100 1153 3190 perueniunt
1179 3105 1267 3181 poie-

148 3226 274 3294 statem.
312 3226 392 3294 sunt
413 3226 445 3286 et
463 3219 547 3290 ¹aliam
572 3218 798 3302 adquisitiones
824 3237 883 3302 por
911 3219 1161 3297 uniuersitatem,
1186 3235 1267 3300 suus
1308 3287 1312 3296 ,

149 3345 274 3418 uocant,
298 3337 330 3408 in
352 3338 466 3423 quibus
482 3357 583 3408 unum
604 3339 730 3422 quidem
751 3344 802 3406 eat
829 3338 912 3421 quod
943 3336 993 3418 fit,
1025 3337 1131 3419 plures
1158 3341 1266 3403 autem

146 3475 201 3525 res
229 3477 285 3541 per
309 3475 409 3524 uuum
439 3464 543 3525 actam
565 3457 598 3522 in
625 3463 766 3523 nostrum
788 3457 960 3523 dominium
982 3459 1155 3522 transeunt.
1194 3461 1268 3522 sunt
1285 3460 1319 3514 uo

148 3584 255 3645 autem
285 3576 512 3658 adquisitionas
539 3594 597 3658 per
624 3577 858 3642 uniuersitetcm
887 3575 962 3641 hee:
991 3574 1148 3640 hereditas
1174 3573 1269 3640 bono·

148 3717 220 3764 rum
241 3698 397 3781 possessio
418 3698 582 3780 adrogatio
604 3703 637 3762 ct
658 3695 829 3763 adanorum
852 3697 1003 3761 bonorum
1025 3693 1161 3760 addictio
1176 3691 1268 3760 liber-

149 3818 264 3888 tutium
297 3815 581 3892 conseruandarum
615 3827 719 3890 causa.
778 3833 815 3881 ac
844 3813 936 3905 prius
969 3811 1009 3879 de
1040 3811 1268 3882 hereditatibus
