2990 4884
544 408 775 474 -108-

102 593 250 658 iurtiuam
283 595 398 670 habet,
436 595 503 661 siue
536 595 603 676 ipse
635 594 686 661 iur
718 595 939 662 uestimentum
971 595 1115 676 parauit,
1150 597 1217 664 eine

102 713 179 778 alter
201 713 357 794 subripuit
384 721 415 778 et
443 714 524 780 alter
554 715 733 796 subreptam
762 732 932 796 purpuram
960 712 1096 780 intexuit
1122 719 1218 782 uesti-

101 838 213 898 mento.
257 834 289 897 iu
322 851 387 900 rem
420 833 502 899 enim
536 852 630 915 agere
656 834 764 914 nequit
792 852 949 916 purpurae
981 835 1142 902 dominus:
1171 839 1217 901 ui-

101 952 192 1018 detur
236 953 317 1018 enim
361 970 501 1033 purpura
552 971 620 1018 esse
666 954 895 1033 quodammodo
938 955 1093 1032 extincta,
1146 975 1216 1022 curn

99 1093 153 1154 per
194 1077 293 1138 semet
325 1072 424 1154 ipsam
457 1091 518 1138 uon
550 1073 683 1156 amplius
724 1075 859 1140 existat:
898 1074 1078 1142 condiretur
1110 1081 1214 1141 tamen
1250 1073 1267 1124 ⁶

99 1197 222 1262 omnino
258 1213 279 1258 a
313 1192 392 1259 inre.
456 1211 528 1258 narn
570 1193 644 1260 licet
680 1195 834 1260 extinctae
875 1212 925 1260 res
967 1212 1023 1274 per
1063 1195 1215 1262 actionem

99 1317 128 1380 in
149 1333 218 1382 rem
241 1314 395 1382 uindicari
416 1333 477 1380 oon
500 1315 629 1396 possint,
652 1333 671 1379 a
693 1313 815 1380 iuribus
828 1319 870 1380 et
890 1315 930 1380 ab
953 1314 1096 1380 omnibus
1111 1332 1216 1395 posae-

98 1435 239 1502 ssoribus
261 1435 380 1501 condiei
402 1438 541 1514 possum
566 1436 615 1498 set
636 1432 664 1497 si
685 1432 736 1498 ior
757 1434 823 1513 ipse
846 1440 895 1498 eet
916 1433 971 1514 qui
992 1432 1213 1516 uestimentum

98 1571 236 1636 purpura
259 1559 402 1618 ornatum
430 1553 597 1633 possidet,'
612 1557 644 1617 et
666 1551 788 1617 actione
817 1559 848 1616 et
877 1551 1071 1618 condictione
1098 1552 1216 1619 furtiua

98 1673 311 1751 conuenietur‚
333 1672 360 1737 si
384 1671 464 1738 alius
487 1678 613 1752 praeter
634 1670 733 1736 iurem
763 1671 956 1738 condictione
982 1671 1101 1738 furtiua
1129 1675 1266 1740 tene-10

53 1794 87 1848 27Ι
96 1797 188 1872 bitur,
214 1812 275 1860 non
298 1795 390 1860 etiam
413 1793 491 1858 forti
512 1793 644 1858 actione.
688 1793 737 1854 27.
767 1791 909 1858 Duorum
931 1793 1079 1860 materiae
1101 1813 1139 1860 ex
1160 1814 1214 1860 uo·

97 1914 219 1980 lentate
242 1913 437 1980 dominorum
460 1913 607 1982 confusae
629 1918 719 1978 sunt:
747 1919 849 1979 totum
875 1912 909 1978 id
936 1931 1048 1995 corpus
1071 1912 1155 1995 quod
1176 1934 1215 1980 ex

97 2031 278 2098 confusione
298 2030 335 2097 fit
356 2033 521 2112 utriusque
542 2033 603 2098 erit
624 2049 801 2114 commune3
823 2031 923 2096 ueluti
945 2032 972 2098 si
994 2032 1056 2098 duo
1078 2033 1214 2114 quidam,

97 2152 204 2217 uinum
229 2169 320 2216 suum
342 2149 540 2216 confuderint
561 2157 617 2216 aut
638 2169 758 2215 massas
779 2153 902 2232 argenti
925 2157 956 2218 et
976 2153 1047 2217 auri
1062 2151 1213 2218 conflaue-

95 2271 166 2335 riut.
196 2276 246 2336 set
268 2271 295 2335 si
318 2270 461 2335 diuersae
483 2271 632 2335 materiae
655 2270 717 2335 sint
739 2289 871 2352 quarum
895 2271 1034 2336 contusio
1056 2273 1266 2353 propriam15

96 2391 253 2468 quandam
275 2388 408 2468 speciem
432 2387 585 2466 effecerit,
608 2388 705 2455 ueluti
727 2409 765 2456 ex
788 2390 861 2455 uino
891 2397 922 2456 et
951 2390 1041 2457 melle
1069 2389 1213 2466 mulsum,

97 2508 147 2574 uel
170 2527 210 2574 ex
231 2526 309 2574 auro
338 2514 530 2589 argentoque
557 2508 723 2586 electrum,
753 2515 828 2575 tuno
857 2511 949 2574 etiam
978 2509 1109 2575 dicimus
1132 2528 1215 2575 com-

96 2613 222 2692 munem
245 2645 314 2694 esse
336 2627 500 2708 utriusque
522 2630 656 2710 speciem
678 2634 901 2710 comparatum.
944 2629 1021 2694 haec
1043 2647 1119 2696 uero
1140 2648 1215 2715 qno·
1294 2665 1296 2672 ι

95 2748 177 2813 tiens
200 2764 239 2812 ex
260 2747 424 2812 uoluntate
446 2746 640 2813 dominorum
664 2749 695 2812 id
717 2747 833 2814 iactum
855 2753 920 2828 eet3
946 2748 974 2814 ai
1002 2767 1078 2815 uero
1104 2747 1215 2816 fortui-

96 2871 130 2930 tu
153 2871 186 2931 et
214 2864 325 2930 inuitis
354 2865 487 2930 dominis
515 2864 663 2932 confusae
692 2865 809 2932 inerint
834 2867 986 2932 materiae
1012 2885 1068 2933 oen
1095 2866 1214 2934 diuersi
1232 2879 1266 2930 aa

49 2984 151 3051 ffiseu
174 2984 313 3051 eiusdem
337 2985 475 3066 generis4
505 2987 585 3051 idem
613 2985 775 3066 optinebit.
821 2986 871 3050 28.
906 2987 1023 3066 Quodsi
1051 2986 1124 3052 Titii
1151 2987 1213 3053 iru-

95 3109 234 3170 mentum
257 3112 313 3170 tuo
334 3103 490 3170 frumento
520 3103 650 3171 mixtum
681 3104 792 3184 inerit,
820 3112 852 3171 et
881 3125 963 3172 unus
989 3105 1090 3173 factus
1118 3106 1213 3172 inerit

95 3243 238 3303 aceruus,
261 3225 290 3289 oi
312 3224 435 3308 quidem
460 3245 497 3290 ex
519 3225 681 3291 uoluntate
703 3231 825 3304 uestra,
854 3225 1024 3292 communie
1047 3225 1108 3292 erit
1129 3242 1215 3291 acer·

98 3362 168 3422 une,
191 3345 264 3426 qnia
285 3343 410 3426 singula
431 3363 572 3426 corpora,
594 3345 625 3410 id
648 3351 696 3410 est
718 3345 970 3426 singulapiorum
994 3364 1032 3410 ex
1061 3363 1215 3411 consensu

95 3469 202 3530 nestro
223 3464 452 3532 communicata
473 3469 556 3530 sunt.
599 3465 709 3546 quodsi
733 3482 807 3530 canu
829 3464 861 3530 id
884 3464 1013 3530 mixtum
1035 3463 1141 3542 fuerit,
1164 3464 1215 3530 uel
1232 3465 1265 3518 25

96 3581 199 3649 Titios
220 3583 411 3650 frumentum
435 3583 594 3650 miscuerit
616 3585 684 3649 sine
707 3583 871 3649 uoluntate
894 3591 959 3662 tua,
982 3603 1043 3651 non
1059 3583 1119 3650 erit
1133 3603 1215 3652 com·

96 3703 198 3768 munis
220 3721 356 3769 aceruus
379 3705 452 3786 quia
474 3704 597 3785 singula
612 3721 710 3786 grana
737 3703 769 3768 in
799 3720 857 3768 ena
884 3703 1000 3768 durant
1026 3704 1213 3778 substantia,

96 3837 197 3902 neque
219 3840 257 3889 ea
279 3820 387 3888 mixtio
408 3823 552 3889 mutauit.
598 3824 704 3903 itaque
726 3841 787 3888 non
817 3821 871 3887 fiet
896 3822 929 3888 in
959 3823 1110 3891 eiusmodi
1139 3843 1214 3891 casu
