2990 4884
291 681 339 751 De
354 683 473 764 sepius
495 683 753 752 deminutiones)
805 682 928 750 Titulus
951 684 1001 748 16.

165 870 313 938 Diximus
327 869 448 953 ospitis
470 870 683 940 deminutione
703 871 887 954 pierumque
913 871 1111 956 sdgnetionis
1137 870 1208 938 iure

88 989 206 1070 perimi.
237 988 420 1056 definiemus
434 987 532 1071 igitur
546 989 623 1070 quid
637 989 679 1055 eit
693 988 805 1072 ospitis
820 989 1001 1056 deminutio.
1028 989 1139 1072 ospitis
1153 990 1206 1057 do-

89 1107 218 1175 minutio
233 1113 283 1174 est
296 1106 409 1190 prioris
420 1113 523 1174 sistus
534 1107 749 1183 oommntoti03
764 1114 821 1174 snt
833 1108 896 1176 itus
913 1107 1025 1192 ospitis
1036 1108 1208 1176 deminutio

91 1233 134 1293 est
144 1227 276 1294 effeetus
286 1227 412 1310 quidum
424 1246 462 1293 ex
475 1223 553 1292 iuris
568 1227 747 1296 condicione
761 1228 1017 1310 contingensque
1028 1233 1130 1294 status
1142 1246 1209 1293 mn·

89 1349 171 1412 tatur
186 1345 322 1415 alicuius
337 1352 393 1412 unt
407 1345 567 1412 minuitur.
600 1353 666 1413 tres
688 1355 763 1414 sunt
777 1353 882 1414 sutem
897 1345 1009 1430 ospitis
1024 1345 1210 1416 deminutio·
1243 1344 1260 1395 5

57 1464 75 1515 1·
90 1484 150 1546 nes,
164 1466 302 1534 maxims
312 1467 421 1545 minor,
433 1483 513 1548 quoe
525 1468 618 1536 etiem
630 1467 732 1534 medis
742 1474 884 1548 uooutnr,
896 1473 929 1536 et
943 1467 1080 1535 minimo„
1104 1467 1132 1529 1.
1145 1465 1209 1536 Ms-

89 1585 167 1652 ximn
188 1590 240 1653 eet
261 1591 366 1654 sutem
387 1585 501 1669 ospitis
524 1587 703 1667 deminutio,
725 1586 754 1654 ei
780 1587 851 1670 quis
879 1586 972 1654 simul
994 1585 1155 1654 oiuitotem
1177 1590 1210 1652 et

90 1703 263 1771 libertatem
285 1705 420 1770 umittnt.
470 1704 554 1788 quod
576 1705 691 1772 oceidit
712 1706 744 1772 in
765 1704 815 1772 his
835 1706 890 1787 qui
911 1703 997 1773 serui
1024 1722 1143 1786 poenoe
1165 1701 1210 1772 ei·

90 1821 236 1888 finiuntur
257 1823 423 1890 atrocitate
445 1824 620 1892 sententiae
640 1825 675 1889 in
689 1843 744 1890 eos
758 1823 851 1902 latae,
874 1824 972 1891 ueluti
988 1822 1016 1890 si
1031 1823 1086 1908 qui
1099 1824 1208 1892 bestiis

91 1947 142 2006 sut
161 1939 296 2008 flammis
317 1943 500 2018 trudendum
521 1944 596 2010 item
617 1941 723 2010 liberti
738 1942 793 2026 qui
813 1942 930 2025 ingrati
944 1942 1028 2011 circu
1041 1949 1208 2026 patronum
1228 1945 1260 1998 1⁰

92 2060 149 2126 uisi
170 2067 246 2126 sunt
267 2066 299 2128 et
320 2059 390 2128 ideo
411 2061 608 2129 condemnati
630 2065 713 2142 suut,
736 2060 789 2128 uel
810 2061 864 2145 qui
885 2062 925 2128 nd
948 2062 1083 2146 pretium
1110 2063 1209 2147 parti·

92 2178 253 2262 cipandum
282 2199 317 2248 se
344 2179 531 2250 uenumduri
551 2183 637 2263 possi
658 2186 742 2250 eunt.
786 2201 859 2252 num
880 2182 933 2251 isti
954 2183 1069 2267 singuli
1091 2182 1124 2248 in
1145 2200 1209 2249 mu·

93 2297 203 2364 nimum
226 2299 338 2382 ospitis
359 2301 600 2369 deminutionem
623 2299 796 2370 incidentes
818 2301 997 2370 libertatem
1013 2299 1209 2374 sindonis

59 2429 81 2482 2.
95 2419 162 2482 tunt
183 2423 218 2484 et
243 2418 411 2486 ciuitatem.
456 2423 486 2484 2.
518 2417 624 2486 Medis
652 2426 702 2487 est
730 2419 842 2504 ospitis
869 2418 1042 2489 deminutio
1070 2439 1141 2488 oum
1167 2419 1206 2488 oi·

93 2534 172 2602 uites
202 2537 330 2618 quidem
358 2538 531 2622 emittitur,
560 2540 690 2608 libertus
719 2559 796 2608 uero
822 2541 947 2624 integre
976 2546 1095 2620 monet,
1124 2542 1208 2623 qnod
1228 2547 1259 2601 15

94 2653 202 2720 occidit
223 2655 264 2734 ei,
286 2657 337 2722 cui
359 2675 442 2739 aqua
464 2663 496 2725 et
517 2659 584 2742 igni
605 2660 806 2728 interdictum
828 2665 892 2740 est,
915 2665 972 2726 sut
993 2659 1047 2744 qui
1069 2659 1102 2727 in
1123 2661 1210 2728 insu·

92 2772 152 2838 lam
173 2778 222 2841 est
244 2774 437 2858 deportatus.
480 2783 616 2865 uterque
637 2779 720 2846 enim
742 2798 812 2847 cum
833 2779 915 2848 liber
938 2787 1138 2866 permoneat,
1168 2782 1208 2849 oi·

94 2891 219 2959 uitatem
246 2909 407 2960 romonum
429 2897 554 2964 omittit.
600 2916 637 2966 eo
666 2905 772 2968 nutem
799 2901 982 2984 deportatus
1009 2906 1105 2984 atque
1126 2919 1209 2984 aqua

93 3015 124 3075 et
141 3011 209 3094 igni
229 3011 418 3084 interdictus
440 3014 597 3096 uident,
620 3017 704 3099 qnod
733 3017 916 3102 deportatus
939 3024 1024 3086 nerto
1046 3020 1115 3087 looo
1137 3038 1208 3094 con·

95 3127 237 3212 eluditur,
259 3130 358 3199 ueluti
384 3133 504 3215 insule,
531 3155 614 3220 equa
641 3143 674 3204 et
700 3136 768 3220 igni
788 3138 978 3206 interdictus
1005 3144 1112 3204 entem
1138 3139 1207 3205 loeo
1225 3150 1259 3202 no

59 3267 80 3320 s.
94 3247 193 3332 aliquo
215 3256 352 3318 ornetur.
394 3253 425 3318 3.
459 3254 588 3322 Minimo
610 3261 715 3322 nutem
736 3260 786 3323 est
806 3257 918 3340 ospitis
941 3256 1114 3324 deminutio
1136 3275 1207 3324 oum

94 3373 124 3432 et
142 3370 254 3436 ciuitas
276 3376 308 3436 et
329 3369 462 3438 libertos
483 3373 645 3456 retinetur,
668 3392 816 3457 praesens
831 3380 937 3442 sutem
952 3379 1056 3442 statne
1071 3393 1209 3442 commn-

154 3608 183 3676 ι)
200 3607 241 3663 ito
257 3609 275 3662 i.
293 3607 356 3663 iibri
372 3608 435 3676 Thi,
452 3625 506 3666 non
521 3608 682 3667 ‘minutionsi
702 3626 762 3667 enm
780 3612 928 3682 Kruegsro.
