3078 4882
622 417 853 482 -180-

178 601 374 684 sequerer
395 604 533 678 enimin
558 603 755 674 tentamentis
778 605 947 672 condendis
975 610 1025 672 est
1046 603 1123 687 ipsis
1147 605 1301 678 unisstus,

177 739 391 804 quemmque
411 724 465 787 sit.
509 722 618 808 itaque
640 723 728 787 miles
756 723 842 788 siin
872 729 1059 790 testamento
1087 723 1186 790 dicet:
1214 730 1302 790 esto

174 840 275 906 mihi
297 839 368 907 ille
385 840 498 908 heres
514 861 558 906 ex
573 841 807 924 quadrante,
824 841 1006 907 dodrantem
1022 843 1062 908 sb
1078 844 1227 911 intestato
1250 844 1300 912 he·

177 961 268 1028 redes
292 961 428 1043 capiunt.
472 967 704 1042 potestantem
728 963 797 1042 quis
820 963 913 1032 sicuti
940 963 971 1032 iu
1001 962 1163 1050 pauciores
1194 964 1301 1032 undas

176 1099 278 1154 assem
302 1081 457 1158 diuidere,
485 1081 531 1148 its
557 1088 589 1146 et
615 1081 648 1146 in
675 1081 781 1166 plures
811 1083 944 1154 eundem
972 1083 1149 1151 extendere.
1202 1082 1301 1154 mind
1336 1085 1352 1134 ⁵

175 1199 328 1274 sidicat:
356 1207 445 1266 esto
475 1199 547 1270 ille
575 1199 673 1270 mihi
706 1201 823 1275 heres
856 1221 899 1274 ex
932 1202 1047 1268 hesse
1080 1208 1119 1270 et
1152 1202 1223 1272 ille
1257 1220 1301 1272 ex

133 1335 155 1384 e.
175 1327 379 1400 septunce.
416 1320 446 1384 6.
470 1317 502 1384 Si
525 1319 630 1400 plures
653 1320 814 1386 instituam
836 1321 983 1398 heredes,
1006 1318 1164 1402 uelimque
1186 1338 1240 1385 ens
1261 1339 1302 1386 ex

175 1439 286 1518 nequis
309 1437 450 1518 pertihm
474 1456 575 1530 meum
598 1439 739 1519 accipere
763 1438 986 1515 hereditatem,
1015 1436 1130 1504 sufficit
1157 1455 1211 1504 ens
1234 1437 1301 1502 sine

175 1564 266 1640 parte
288 1557 420 1624 heredes
443 1559 589 1630 scrihere,
613 1560 660 1623 his
683 1557 748 1624 iere
772 1559 893 1624 uerbis:
924 1558 998 1624 ille
1021 1567 1059 1624 et
1080 1557 1151 1623 ille
1174 1557 1301 1624 stille

175 1676 269 1741 mihi
302 1677 471 1748 heredes
505 1686 633 1748 sunto.
692 1676 776 1746 nulls
810 1680 892 1743 enim
926 1679 1017 1744 uncis
1049 1677 1229 1754 nominata,
1264 1696 1301 1742 ex
1321 1683 1353 1734 10

176 1799 284 1880 nequis
308 1799 450 1879 pertibus
473 1798 604 1870 heredes
627 1808 729 1870 erunt.
774 1800 820 1863 sin
849 1805 954 1868 sutem
985 1799 1078 1866 uelim
1107 1817 1144 1868 es
1166 1797 1301 1870 diuersis

176 1917 321 1998 pertibus
344 1935 396 1986 ens
419 1917 550 1986 heredes
574 1915 652 1993 fieri,
677 1925 751 1986 tunc
773 1937 810 1987 ex
834 1925 921 1984 certa
943 1925 1033 1998 perte
1055 1935 1108 1985 eos
1135 1917 1301 1988 instituere

175 2041 310 2117 eportet,
334 2043 370 2100 ut
392 2051 479 2102 ecce:
503 2036 576 2100 ille
600 2055 644 2101 ex
667 2037 835 2113 triente,
863 2034 935 2101 ille
958 2054 1003 2100 ex
1025 2036 1208 2114 semisse,
1230 2035 1300 2102 ille

176 2161 229 2234 [et
252 2156 335 2234 ille]
360 2173 403 2224 er
426 2157 538 2222 uncia
561 2156 731 2221 heredes
753 2161 883 2220 sunto.
928 2154 1004 2234 quid
1026 2155 1124 2234 igitur
1145 2154 1171 2218 si
1194 2155 1300 2234 plures
1316 2193 1331 2200 ·

175 2278 345 2342 instituens
368 2278 509 2354 heredes,
531 2282 637 2357 partes
659 2277 691 2341 in
714 2275 909 2356 quorundam
926 2274 1068 2357 personis
1083 2271 1299 2355 expresserim,
1323 2288 1351 2336 ns

174 2394 333 2478 quendem
355 2402 460 2460 sutem
484 2395 551 2460 sine
574 2402 663 2477 perte
686 2393 888 2477 scripserim?
918 2401 1068 2477 quantum
1092 2393 1224 2472 accipiet
1246 2392 1300 2478 qui

174 2515 242 2587 sine
271 2522 360 2596 parte
383 2515 547 2582 institutus
570 2514 643 2581 est?
666 2523 698 2580 et
720 2515 851 2586 dicimus
874 2514 901 2580 si
924 2515 1028 2594 alique
1049 2521 1128 2592 ¹pers
1157 2510 1221 2576 assi
1248 2511 1300 2576 de·

174 2637 226 2712 sit,
250 2634 331 2702 torte
354 2637 434 2708 enirn
457 2635 595 2704 Primum
618 2655 655 2706 ex
677 2636 850 2714 quincunce
873 2634 1018 2702 heredem
1041 2633 1162 2714 scripsi,
1185 2630 1300 2702 Secun-

174 2757 249 2822 dum
273 2773 311 2824 ex
333 2753 517 2835 quadrante,
542 2755 680 2820 Tertium
712 2773 748 2819 ex
777 2761 935 2831 sextante,
965 2753 1150 2834 addidique:
1175 2752 1299 2830 Quer-

175 2882 236 2938 tus
271 2875 365 2938 mihi
399 2875 515 2940 heres
549 2880 654 2949 esto,
689 2874 737 2938 uel
771 2875 829 2937 its:
859 2873 1035 2950 Quartus
1063 2879 1102 2936 et
1132 2871 1352 2950 Quintus2⁰

174 2971 396 3076 essemus
436 2994 602 3058 heredes
641 3000 782 3068 sunto,
828 2999 902 3058 tunc
942 3011 979 3056 ex
1017 2998 1161 3056 sextante
1204 3008 1299 3074 unum

174 3121 281 3179 tresue
303 3114 356 3194 qui
381 3112 448 3179 sine
471 3120 560 3192 perte
583 3110 692 3192 scripti
715 3117 789 3176 sunt
810 3111 942 3177 heredes
970 3109 1047 3176 fieri.
1098 3111 1125 3175 si
1156 3128 1231 3174 uero
1254 3115 1300 3173 to-

174 3241 242 3302 tum
270 3251 371 3308 assem
389 3205 458 3304 'iam
490 3233 667 3314 consumpsi
696 3233 726 3304 in
758 3232 827 3298 illus
856 3237 936 3306 tren,
970 3248 1065 3298 unum
1095 3248 1131 3297 ex
1160 3227 1299 3303 semisse,

175 3371 272 3424 uuum
296 3371 332 3420 ex
355 3354 468 3424 triente
491 3370 588 3419 unum
610 3370 684 3418 uero
707 3369 744 3415 ex
774 3356 917 3420 sextante
946 3349 1092 3416 heredem
1123 3349 1299 3423 instituens,

174 3478 207 3537 et
235 3489 329 3536 unum
360 3472 508 3554 pluresue
537 3471 642 3538 addidi
669 3471 737 3538 sine
771 3476 876 3551 perte,
912 3475 986 3534 tunc
1019 3468 1093 3549 quia
1127 3466 1203 3532 nihil
1237 3468 1299 3534 essi
1318 3481 1350 3530 ss

175 3590 272 3683 deest,
297 3591 379 3674 quod
403 3592 501 3664 tribui
523 3589 622 3673 possit
644 3589 712 3657 sine
735 3595 824 3671 parte
847 3587 981 3669 scriptis,
1005 3605 1078 3668 pers
1094 3586 1223 3654 dimidie
1246 3587 1299 3651 ds·
