3078 4882
618 409 849 475 -1ot-

166 595 280 675 faciat,
316 615 396 678 opes
424 601 475 662 ert
504 596 534 663 ei
560 597 695 662 testibus
724 595 848 662 heredis
882 607 993 662 nomon
1026 594 1289 664 manifestarent

166 713 216 779 sio
237 716 340 780 omnia
361 715 532 798 procedere
554 716 669 782 debent
691 717 859 781 secundum
882 713 968 781 iilius
991 715 1222 782 constitutionis
1244 723 1289 783 ta·

119 853 147 904 o.
166 851 286 900 norem.
332 837 361 899 5.
398 833 477 900 Cum
500 832 669 901 dixerimus
692 841 837 918 oportere
860 841 957 902 testes
979 836 1102 917 signum
1117 835 1287 918 imponere,

157 954 381 1021 admonendus
405 973 438 1020 es
460 955 555 1022 etiam
578 974 639 1021 uno
661 953 777 1020 annulo
800 961 1022 1021 testamentum
1045 974 1098 1022 eos
1114 972 1206 1038 posse
1227 955 1287 1038 sig·

166 1092 245 1139 nare
267 1073 356 1157 (quid
379 1075 459 1140 enim
482 1075 509 1139 si
531 1079 628 1140 testes
652 1075 766 1156 singuli
788 1075 924 1140 habeant
945 1074 1086 1146 annulos,
1107 1074 1161 1155 qui
1184 1080 1287 1142 tamen
1322 1089 1339 1141 o

166 1195 262 1260 unius
284 1196 348 1259 sint
369 1194 562 1276 sculpturae,
586 1196 668 1260 idest
697 1213 791 1260 unam
818 1193 1011 1278 eandemque
1040 1193 1171 1260 formam
1200 1212 1291 1275 prae·

165 1312 351 1395 seieranti),
375 1315 544 1382 secundum
566 1315 649 1395 quod
673 1313 842 1395 Pomponio
864 1315 966 1380 uisum
989 1321 1046 1379 est.
1069 1321 1118 1380 set
1140 1317 1172 1380 et
1187 1311 1289 1378 alieno

120 1455 147 1508 p,
167 1450 294 1514 quoque
316 1433 430 1500 annulo
460 1435 533 1530 licet
554 1435 688 1514 signare.
742 1435 771 1496 6.
807 1433 857 1499 liii
885 1441 992 1500 autem
1022 1441 1119 1499 testes
1147 1432 1289 1498 adhiberi

166 1559 309 1634 possunt,
333 1573 402 1618 cum
425 1553 539 1636 quibus
562 1553 909 1620 testamentiiactionem
937 1556 1101 1633 habemus,
1132 1556 1213 1622 idest
1236 1555 1289 1638 qui

166 1692 187 1738 a
210 1674 300 1739 nobis
318 1680 451 1755 possunt
473 1674 603 1740 heredes
626 1674 732 1755 scribi,
755 1675 870 1759 quique
897 1695 953 1741 nos
981 1677 1117 1742 scribere
1146 1682 1285 1758 possunt
1306 1685 1340 1738 10

166 1800 242 1858 sunt
263 1801 368 1858 autem
390 1793 445 1874 qui
467 1813 485 1859 a
510 1795 687 1860 testimonio
710 1796 742 1859 in
765 1801 953 1861 testamento
981 1795 1107 1863 omnino
1138 1795 1290 1878 repellan-

167 1920 234 1991 tur,
269 1912 368 1979 ueluti
397 1913 511 1980 mulier
543 1914 687 1997 impubes
720 1933 832 1982 seruus
864 1921 973 1981 mutus
1007 1915 1120 1982 surdus
1153 1915 1290 1983 furiosus

165 2032 318 2113 prodigus
341 2039 373 2099 et
394 2033 554 2116 improbus
576 2033 835 2118 intestabilisque.
880 2035 956 2114 Quis
979 2041 1028 2100 est
1054 2033 1126 2100 hio?
1155 2033 1191 2101 ut
1218 2053 1290 2102 ecce

166 2151 325 2233 numquis
348 2158 569 2218 testamentum
592 2155 753 2231 conderet,
776 2161 907 2221 uocatus
930 2161 979 2221 est
1005 2155 1105 2220 Titius
1134 2156 1175 2220 ad
1204 2155 1291 2220 testi·

167 2269 305 2336 monium
327 2274 567 2352 praestandum:
591 2274 682 2338 testis
704 2274 813 2352 adfuit,
837 2275 919 2340 idest
941 2275 1127 2355 subscripsit
1148 2275 1178 2340 in
1195 2281 1291 2340 testa·
1311 2292 1342 2342 ro

168 2391 281 2456 mento
298 2397 329 2456 et
351 2392 496 2473 signauit.
541 2399 664 2459 mortuo
688 2399 847 2474 testatore,
871 2393 971 2460 noluit
1001 2396 1107 2460 uenire
1137 2401 1168 2459 et
1198 2393 1290 2460 fateri

169 2529 260 2576 suam
289 2529 358 2576 esse
388 2511 648 2592 subscriptionem
674 2532 829 2595 suumque
859 2515 991 2597 signum.
1047 2514 1182 2579 oderunt
1208 2511 1290 2578 eius·

167 2628 254 2695 modi
276 2635 387 2696 testem
409 2631 495 2712 leges
517 2649 619 2714 neque
640 2631 827 2712 permittunt
849 2631 879 2698 oi
908 2631 1026 2715 aliquid
1055 2652 1092 2698 ex
1122 2632 1225 2700 alieno
1247 2639 1290 2698 te-

167 2753 325 2816 stamento
347 2769 459 2834 capere
480 2771 580 2834 neque
603 2753 631 2817 ei
654 2752 791 2818 testandi
812 2751 993 2820 facultatem
1016 2753 1168 2833 tribuunt,
1191 2770 1291 2834 neque

167 2868 381 2934 testimonium
403 2871 583 2952 praebendi,
605 2871 667 2938 alio
690 2879 835 2938 testante.
885 2873 999 2940 dicitur
1026 2875 1177 2941 eiusmodi
1200 2875 1290 2940 testis
1308 2893 1342 2946 20

124 3009 148 3063 γ,
168 2985 331 3070 improbus
353 2987 551 3056 intestabilis.
587 2991 617 3054 7.
639 2991 721 3070 Quid
743 2991 842 3073 igitur
863 2991 891 3056 si
914 3011 983 3059 eum
1007 2993 1119 3075 aliquis
1142 3013 1179 3059 ex
1202 2991 1290 3059 testi·

168 3109 229 3175 bus
258 3111 438 3176 testamenti
466 3107 601 3176 faciendi
626 3088 776 3194 tempore·
792 3113 873 3179 liber
900 3113 1148 3192 existimaretur,
1181 3121 1291 3195 postea

167 3247 282 3296 seruus
317 3231 484 3312 apparuit?
518 3233 718 3313 dispiciamus
754 3251 794 3298 an
829 3239 1050 3300 testamentum
1084 3234 1211 3299 inritum
1238 3231 1290 3310 sit,

167 3367 281 3416 seruus
309 3349 406 3430 enim,
440 3353 486 3416 nti
516 3353 634 3418 dictum
664 3357 729 3433 est,
764 3355 853 3420 testis
881 3373 951 3422 esse
981 3355 1097 3436 nequit.
1153 3371 1224 3418 cum
1252 3353 1291 3418 de
1320 3363 1322 3366 ·
