3078 4882
590 424 824 488 -202-

147 611 250 676 tranei
272 617 346 676 sunt
367 618 473 676 eutem
496 613 593 678 ceteri
612 629 719 678 omnes
741 617 866 694 praetor
893 611 967 686 hos,
996 613 1184 694 quicumque
1212 611 1271 678 sci·

147 730 220 794 iicet
241 728 275 793 in
298 729 437 795 defuncti
469 735 625 810 potestate
654 748 716 796 uon
745 729 883 796 fuorunt
934 729 1042 811 itaque
1068 730 1169 796 nostri
1195 731 1271 812 quo·

147 865 208 930 que
242 848 333 914 liberi
366 849 556 930 emancipati
595 849 736 914 extranei
770 849 975 916 docebuntur.
1030 848 1114 914 iilius
1147 864 1272 931 quoque
1348 928 1350 934 Ι

147 968 241 1032 matri
263 968 354 1034 heres
376 974 544 1034 extraneus
566 967 633 1034 fiet:
664 969 778 1034 iemina
806 968 888 1034 enim
911 969 1025 1035 liberos
1051 969 1082 1033 in
1113 971 1272 1049 potestate

147 1088 264 1152 habere
285 1106 346 1152 non
369 1095 482 1168 potest.
527 1105 655 1153 seruum
677 1105 770 1152 suum
796 1089 922 1170 quidam
949 1087 982 1152 in
1009 1093 1196 1154 testamento
1218 1087 1268 1154 he·
1304 1103 1322 1155 o

147 1210 253 1274 redem
277 1206 427 1281 instituit;
450 1213 639 1273 testamento
661 1209 766 1272 sutem
789 1208 871 1273 iacto
898 1206 1106 1289 superuiuens
1137 1206 1269 1272 eundem

147 1327 287 1393 uindicta
310 1328 504 1394 manumisit:
534 1328 648 1394 deinde
671 1327 805 1394 decessit
830 1332 1018 1394 testamento
1048 1345 1109 1392 non
1138 1331 1268 1392 mutato.

146 1448 311 1526 quaeritur
333 1453 439 1514 utrum
461 1449 595 1531 scriptus
622 1449 712 1514 heres
741 1447 936 1514 necessarius
963 1449 1005 1513 sit
1033 1465 1073 1512 an
1102 1453 1269 1542 extraneus

147 1572 179 1630 et
202 1566 302 1646 magis
324 1572 373 1631 eet
395 1572 430 1631 ut
453 1573 621 1632 extraneus
644 1567 695 1644 sit,
718 1585 789 1632 cum
810 1585 871 1632 non
895 1567 956 1631 dno
973 1566 1063 1630 simul
1079 1584 1116 1631 ex
1131 1564 1270 1630 defuncti
1305 1545 1313 1592 ²

146 1690 336 1774 testamento
370 1685 397 1750 ei
430 1687 634 1761 accesserint,
669 1687 799 1752 libertas
832 1704 942 1768 nempe
975 1693 1070 1768 atque
1099 1685 1320 1756 hereditas-1⁰

100 1809 128 1859 4
147 1806 177 1868 4.
211 1805 248 1868 In
271 1803 429 1870 extraneis
451 1812 556 1869 antem
580 1805 747 1872 heredibus
773 1805 848 1870 illud
878 1805 1109 1870 obseruandum
1139 1809 1203 1884 cst,
1234 1811 1270 1871 ut

147 1941 219 1988 cum
242 1923 318 2004 ipsis
341 1923 686 1989 testamentiiactionem
715 1924 901 2002 habeamus,
931 1924 999 1990 sine
1027 1923 1087 2006 ipsi
1116 1924 1185 1990 siue
1214 1924 1269 2006 qui

146 2044 178 2106 in
200 2059 312 2106 eornm
334 2047 408 2107 sunt
430 2048 586 2124 potestate
609 2043 740 2109 heredes
763 2045 826 2109 sint
853 2043 1000 2109 instituti.
1050 2061 1144 2127 quam
1173 2049 1269 2110 testu-

145 2159 408 2226 mentiiactionem
423 2179 493 2226 cum
513 2163 590 2242 ipsis
616 2167 750 2245 utroque
775 2167 915 2244 tempore
945 2163 1151 2245 requirimus3
1177 2169 1270 2229 testu·

145 2280 243 2346 menti
265 2282 390 2361 quidem
413 2280 487 2347 iacti
514 2289 550 2347 ut
578 2283 729 2348 consistat
755 2281 926 2359 institutio,
956 2283 1065 2346 mortis
1091 2300 1166 2348 uero
1193 2295 1319 2364 quo-16

147 2419 208 2480 que
231 2406 267 2466 ut
289 2407 376 2465 recte
399 2400 482 2466 iacta
505 2401 660 2466 institutio
682 2400 826 2466 effectum
849 2401 973 2465 habeat.
1012 2407 1061 2464 set
1082 2400 1110 2464 si
1131 2400 1201 2480 quis
1224 2401 1268 2465 di·

146 2517 295 2600 ligentins
318 2519 466 2599 inquirat,
490 2518 619 2584 tertium
648 2537 772 2601 quoque
799 2526 922 2600 tempus
953 2518 1179 2600 inspiciendum
1209 2528 1266 2596 est,

147 2655 209 2716 quo
232 2637 578 2705 testamentiiactionem
601 2657 672 2703 enm
695 2639 812 2704 habere
837 2643 977 2720 oportet,
1007 2638 1089 2702 idest
1118 2655 1188 2703 cum
1215 2638 1268 2704 ho·

146 2757 312 2822 ruditatem
334 2759 415 2835 sdit3
438 2757 518 2823 nihil
541 2759 623 2824 enim
645 2761 777 2824 interest
798 2765 904 2822 utrum
933 2775 1011 2838 pure
1040 2775 1080 2823 an
1110 2759 1169 2823 suh
1197 2766 1267 2823 con·

146 2877 269 2940 dicione
291 2877 455 2942 institutus
479 2879 529 2943 sit.
574 2881 623 2942 ius
645 2879 727 2943 enim
750 2877 890 2954 heredis,
914 2877 998 2942 idest
1020 2895 1059 2942 an
1082 2864 1157 2958 quis
1176 2876 1267 2942 heres
1285 2897 1320 2948 20

146 3013 215 3060 esse
237 2995 353 3076 possit,
377 3002 452 3061 tunc
474 2995 672 3077 potissimum
701 2995 885 3075 inquiritur,
915 3013 986 3061 cum
1013 2996 1082 3078 quis
1112 2995 1268 3082 heredita-

145 3120 208 3178 tem
232 3114 378 3194 adquirit.
430 3115 532 3179 medio
560 3115 640 3180 enim
671 3121 811 3196 tempore
840 3115 922 3181 inter
951 3120 1173 3181 testamentum
1196 3132 1265 3202 con·

146 3233 245 3296 ditum
277 3240 470 3314 mortemque
498 3235 661 3301 testatoris
690 3237 741 3301 uei
769 3211 981 3302 condicionem
1009 3233 1209 3310 existentem,
1240 3234 1267 3296 si

145 3355 214 3434 quis
237 3355 296 3419 suh
319 3355 501 3420 condicione
524 3355 615 3420 heres
637 3355 802 3420 institutus
825 3361 888 3432 est,
919 3355 1051 3422 mutatio
1073 3353 1150 3418 iuris
1178 3353 1266 3418 here·

145 3473 192 3536 dis
214 3472 290 3537 nihii
313 3475 340 3538 ei
362 3473 395 3537 in
418 3473 614 3540 successione
636 3481 736 3540 nocet.
781 3475 887 3553 itaque
914 3473 942 3537 si
971 3491 1065 3552 quem
1095 3473 1195 3538 ciuem
1219 3490 1265 3538 ro·
1284 3497 1318 3550 25

145 3611 270 3657 manum
293 3593 438 3658 heredem
461 3594 652 3659 instituerim
673 3593 700 3657 is
725 3612 799 3658 uero
823 3599 894 3672 post
913 3593 1030 3658 iactum
1046 3597 1266 3658 testamentum

145 3711 306 3776 ciuitatem
330 3711 488 3790 amiserit,
513 3730 644 3793 eamque
667 3718 740 3776 ante
761 3718 892 3778 mortem
915 3729 1031 3786 meam,
1061 3710 1129 3788 nel,
1158 3712 1186 3774 si
1208 3711 1266 3776 sub

145 3829 325 3896 condicione
348 3837 396 3896 est
419 3831 594 3905 institutus
617 3837 690 3896 ante
712 3831 924 3897 condicionem
939 3832 1133 3908 existentem,
1157 3847 1267 3895 rursus

145 3949 309 4030 receperit,
332 3950 441 4031 procui
466 3950 560 4016 dubio
583 3950 789 4016 hereditatem
813 3950 930 4032 poterit
951 3949 1047 4017 adire.
1092 3951 1123 4015 in
1146 3967 1268 4014 summa
