3078 4882
703 441 743 452 -
789 403 936 468 202-

261 613 337 677 τητι.
381 588 486 673 ἀμέλει
509 591 558 653 καὶ
579 591 607 652 οί
628 589 776 676 ἡμέτεροι
798 591 907 668 παῖδες
931 593 959 654 οί
982 590 1197 674 emancipatoi
1219 589 1389 656 extrfineoi

262 690 478 777 κληθήσονται.
511 693 572 754 Ικαί
593 694 610 754 ό
633 696 704 766 παῖς
724 699 763 779 τῇ
782 692 876 779 μητρί
899 693 1073 760 εκλτίιαεοε
1095 691 1282 780 κληθήσεται
1305 695 1388 772 καλῑ)

262 793 423 878 γενήσεται
445 793 644 878 κληρονόμος.
697 792 806 879 θήλεια
836 795 896 876 γὰρ
926 797 958 862 in
986 799 1145 878 potestate
1172 793 1245 869 τοὺς
1273 794 1387 868 παῖδας

262 894 343 984 ἐχειν
365 897 401 958 οό
424 895 560 958 δύναται.
605 895 819 981 διατιθέμενος
848 919 892 972 τις
923 900 977 961 τὸν
1008 896 1084 961 ἴδιον
1112 896 1230 982 οίκέτην
1262 895 1388 982 ἐνεστή-

227 1014 338 1064 5σατο
362 999 566 1086 κληρονόμον·
589 999 736 1084 ἐπιζήσας
759 1001 796 1086 τή
826 1000 943 1088 ποιήσει
976 1003 1030 1086 τής
1058 998 1212 1084 διαθήκης
1241 997 1389 1084 αἰαδίοῐᾳ

261 1103 369 1164 τοῦτον
397 1099 632 1185 ήλευθέρωσεν·
659 1100 860 1186 ἐτελεύτησεν
889 1101 944 1164 οῦκ
975 1099 1108 1184 άμείφας
1138 1101 1191 1185 τήν
1221 1099 1385 1187 διαθήκην.

261 1206 402 1289 ζητῶμεν
430 1203 458 1266 εί
484 1204 501 1264 ό
531 1204 663 1286 γραφεὶς
691 1202 884 1287 κληρονόμος
917 1203 1051 1287 πότερον
1082 1201 1277 1267 αθοεεεέιτίόε
1307 1203 1387 1266 ἐστιν

260 1303 478 1391 ήθκίτέιυθου.
513 1301 571 1367 Ικαὶ
593 1304 722 1388 λέγομεν
752 1303 844 1367 οότδν
872 1303 1049 1371 ειίτῦαεοα
1082 1303 1174 1382 είναι,
1205 1303 1314 1390 ἐπειδή
1342 1307 1386 1390 μή

261 1408 298 1471 τὰ
320 1408 376 1470 δύο
399 1407 433 1470 ἐκ
455 1411 510 1494 τῆς
530 1410 586 1472 τοῦ
615 1408 855 1493 τελευτήσαντος
884 1407 1040 1493 διαθήκης
1061 1407 1148 1490 αὐτῷ
1178 1407 1384 1489 προςγίνεται,

212 1516 243 1568 10
260 1509 415 1574 τουτέστιν
436 1511 456 1594 ή
480 1509 644 1594 ἐλευθερία
666 1509 745 1591 καθ)
773 1504 970 1595 κληρονομία.
1022 1513 1052 1574 4.
1085 1509 1148 1574 Ἐπὶ
1176 1508 1212 1572 δὲ
1242 1507 1303 1571 τῶν
1334 1529 1387 1573 ex·
1404 1529 1431 1580 4.

259 1611 403 1677 λτυηόωυ
437 1612 636 1698 κληρονόμων
668 1611 766 1676 ἐκεῖνο
803 1612 855 1676 δεῖ
886 1613 1152 1696 παραφυλάττειν,
1187 1611 1266 1684 ῶςτε
1301 1612 1384 1694 ἡμᾶς

261 1714 339 1803 ἔχειν
386 1718 466 1797 μετ’
511 1715 613 1778 αὐτῶν
657 1714 1007 1793 testamentifactiona‚
1058 1713 1120 1777 εἴτε
1164 1713 1250 1775 αὐτοὶ
1294 1711 1386 1795 ἐγρά-

261 1840 364 1901 φησαν
403 1817 601 1902 κληρονόμοι,
646 1814 706 1879 εἴτε
747 1818 773 1878 οί
812 1814 914 1878 αῦτῶν
956 1816 1139 1888 ῦπεξοόσιοι.
1200 1815 1313 1899 ταύτην
1350 1812 1386 1875 δὲ

260 1918 396 1998 αότῶνί)
428 1920 483 2004 τήν
515 1917 840 1983 testamentifactiona
876 1917 955 2006 ἔχειν
987 1918 1100 1992 αότοδς
1129 1917 1319 1999 ἀπαιτοῦμεν
1349 1915 1383 1976 ἐν

211 2039 242 2090 15
261 2021 318 2082 δύο
326 2022 352 2100 ἐ)
375 2025 501 2105 καιροῖς,
524 2021 610 2104 ήνίκα
633 2019 851 2102 διατιθέμεθα,
875 2021 954 2094 ῶςτε
977 2020 1056 2095 τέως
1077 2017 1240 2103 ἐρρῶσθαι
1262 2019 1317 2102 τήν
1339 2014 1387 2078 ἐν·

260 2145 377 2200 στασιν,
400 2123 449 2185 καί
470 2121 558 2206 ήνίκα
588 2123 795 2206 τελευτῶμεν,
822 2123 901 2198 ῶςτε
934 2124 986 2207 τήν
1016 2124 1120 2198 καλῶς
1146 2121 1316 2204 γενομένην
1339 2117 1385 2180 ἔν-

261 2248 368 2289 στασιν
390 2227 521 2312 γρηστὸν
544 2223 622 2311 ἔχειν
643 2225 846 2306 ἀποτέλεσμα.
892 2226 919 2287 εί
949 2224 986 2287 δέ
1010 2249 1053 2300 τις
1075 2221 1216 2308 ἀκριβῶς
1238 2221 1383 2307 ἐξετάσῃ,

259 2327 308 2388 καὶ
329 2326 430 2411 τρίτον
453 2327 654 2412 ἐπιζητοῦμεν
676 2327 792 2408 καιρὸν,
815 2325 847 2388 ἐν
870 2324 899 2410 ᾦ
920 2325 971 2388 δεῖ
982 2328 1037 2410 τήν
1052 2323 1381 2390 testamentifactiona

259 2425 339 2514 ἔχειν
361 2425 463 2506 αὐτὸν,
487 2427 651 2505 τουτέστιν,
674 2429 761 2513 ἡνίκα
784 2429 988 2516 προσέρχεται
1012 2432 1049 2514 τῇ
1074 2427 1272 2516 κληρονομίᾳ,
1296 2427 1386 2488 οὐδε-

206 2547 242 2600 20
256 2533 329 2611 μιᾶς
350 2527 445 2613 οὔσης
467 2529 621 2613 διαφορᾶς
644 2531 776 2614 πότερον
797 2529 944 2615 ρῦτωεή
974 2531 1033 2593 ὑπὸ
1063 2529 1181 2612 αἳρεσιν
1211 2529 1383 2611 γέγραπται

257 2631 455 2715 κληρονόμος.
509 2633 577 2711 τόδ)
606 2633 665 2712 γὰρ
694 2632 810 2696 δίκαιον
838 2637 893 2696 τοῦ
922 2633 1134 2719 κληρονόμου,
1165 2631 1325 2695 τουτέστιν
1356 2631 1385 2692 εί

259 2732 385 2794 δύναται
407 2733 645 2818 κληρονομῆσαι,
673 2733 706 2796 ἐν
728 2734 837 2817 ἐκείνῳ
858 2735 1000 2815 μάλιστα
1026 2738 1181 2798 σκοπεῖται
1203 2739 1249 2817 τῷ
1272 2740 1381 2817 καιρῷ,

257 2833 290 2894 ἐν
314 2831 342 2916 ᾧ
364 2833 417 2918 τήν
440 2834 643 2919 κληρονομίαν
665 2835 849 2916 aditefiei.⁶)
880 2836 914 2899 ἐν
938 2837 974 2900 δὲ
999 2840 1043 2920 τῷ
1064 2836 1153 2920 μέσῳ
1171 2836 1291 2921 χρόνῳ,
1316 2835 1384 2914 ῦςῖ)

256 2935 373 3014 μεταξὺ
397 2939 450 3019 τῆς
474 2940 630 3018 ποιήσεως
652 2941 707 3022 τῆς
728 2937 881 3025 διαθήκης
903 2940 951 3002 καί
981 2943 1033 3023 τῆς
1056 2937 1110 3002 τοῦ
1133 2937 1307 3001 ῑθείθθοτοε
1328 2960 1382 3002 τε·

206 3057 240 3111 25
258 3038 377 3119 λευτής,
399 3037 493 3122 ήγουν
515 3043 571 3124 τῆς
592 3039 754 3120 ἐκβάσεως
776 3045 830 3126 τῆς
853 3041 1058 3126 αἱρέσεωςθ),
1083 3041 1115 3102 ἐν
1140 3038 1167 3124 ᾦ
1189 3040 1383 3123 αἱρετικῶςθ)

257 3139 382 3224 ἐγράφη
406 3161 450 3214 τις
471 3141 672 3225 κληρονόμος,
697 3145 730 3204 τὸ
761 3147 816 3205 τοῦ
845 3144 1036 3229 κληρονόμου
1065 3142 1182 3206 δίκαιον
1213 3141 1380 3222 ἐναλλαγὲν

258 3239 405 3326 οὐδεμίαν
428 3241 514 3325 αὐτῷ
534 3242 624 3327 φέρει
644 3243 769 3329 βλαβὴν
802 3245 845 3318 είς
872 3249 905 3308 τὸ
936 3243 1153 3317 διαδέξασθαι.
1204 3243 1285 3317 ῶςτε
1316 3241 1382 3320 οὖν,

259 3343 284 3404 εἰ
308 3344 413 3429 συμβῇ
436 3344 487 3405 τδν
516 3343 569 3404 ὑπ’
598 3343 675 3427 ἐμοῦ
709 3347 871 3430 γραφέντα
902 3347 1097 3431 κληρονόμον
1126 3345 1203 3410 εἶναι
1229 3347 1383 3429 ρωμαῖον,

258 3443 323 3506 είτα
348 3447 428 3525 μετὰ
454 3447 510 3530 τήν
541 3448 657 3531 ποίησιν
686 3451 741 3534 τής
770 3449 921 3535 διαθήκης
951 3449 1094 3513 ἐκπεσὼν
1129 3454 1184 3532 τῆς
1218 3450 1381 3523 πολιτείας,

206 3574 241 3628 30
259 3547 370 3632 ταύτην
393 3547 528 3630 ἀνέλαβε
551 3551 611 3632 πρὸ
633 3555 689 3636 τῆς
711 3551 787 3635 ἐμῆς
809 3553 964 3638 τελευτής,
987 3552 1093 3638 ήγουν,
1117 3551 1150 3614 ἐν
1173 3548 1382 3636 ῷαίρετικῶς

257 3645 431 3732 ἐγέγραπτο
458 3651 650 3736 κληρονόμος
678 3656 738 3735 πρὸ
764 3654 821 3742 τής
849 3654 1010 3734 ἐκβάσεως
1032 3658 1087 3739 τῆς
1109 3653 1272 3734 αἱρέσεως,
1300 3655 1378 3715 ἀκω-

257 3749 356 3822 λύτως
379 3751 609 3838 κληρονομήσει,
655 3755 733 3828 ῶςτε
756 3753 810 3818 οῦν
833 3753 936 3836 (τοῦτο
959 3759 1020 3838 γάρ
1049 3756 1112 3819 ἐστι
1144 3758 1177 3817 τὸ
1206 3754 1377 3836 συναγόμε-

327 4020 348 4082 1)
366 4017 404 4070 κλ.
424 4036 445 4070 κ.
464 4017 488 4071 d.
507 4018 555 4071 Ll.
575 4021 605 4074 F.
625 4022 667 4074 W.
821 4023 843 4088 ἐ)
862 4025 904 4078 οδ,
923 4025 965 4080 vi.
984 4024 1016 4078 R.
1168 4025 1191 4090 ³)
1209 4023 1270 4079 add.
1289 4040 1323 4078 ex
1341 4024 1379 4077 Μ.

255 4105 280 4167 4)
298 4103 358 4154 δυσί
378 4101 419 4157 Vi.
436 4102 468 4156 R.
605 4108 628 4173 ὅ)
647 4108 709 4160 τόδε
728 4109 760 4164 (λ.
898 4111 921 4174 ⁶)
938 4110 982 4161 δεῖ
998 4109 1047 4177 τήν
1066 4110 1105 4163 κλ.
1123 4110 1267 4162 ἀδιτεῦσακ
1285 4107 1326 4163 vi.
1345 4107 1375 4161 R

256 4189 280 4256 ⁷)
298 4187 338 4242 vi.
358 4192 403 4256 τῶ.
507 4189 529 4254 8)
549 4191 622 4242 ἐστίν
640 4192 665 4246 δ.
684 4193 735 4246 M.:
755 4193 797 4246 ad.
818 4199 867 4248 cet.
972 4194 994 4261 ⁹)
1013 4195 1122 4260 αἱρετὸς
1140 4194 1191 4248 m.
