2990 4884
567 435 779 496 ..72ss

113 626 216 698 tatur,
240 621 324 700 quod
347 620 464 687 eccidit
485 623 516 685 in
540 621 604 698 his,
632 620 685 700 qui
713 637 783 685 cum
806 619 856 684 sui
878 620 955 685 iuris
984 618 1117 686 tuissent
1141 627 1240 686 semet

112 739 311 819 adrogandos
334 739 491 806 dederunt
517 744 614 820 atque
640 738 736 804 alieni
761 739 842 804 iuris
871 758 939 804 esse
969 746 1157 821 coeperunt,
1188 739 1238 804 uel

112 864 223 923 contra
246 859 277 923 in
300 877 346 936 eo,
369 858 424 940 qui
447 877 517 924 cum
539 857 633 924 alieni
655 857 733 924 iuris
756 865 848 935 esset,
871 859 920 923 eui
935 859 1013 923 iuris
1028 857 1157 925 effectus
1180 865 1237 925 est.

111 980 144 1040 in
166 976 217 1041 his
241 977 322 1043 enim
345 980 467 1059 patriae
489 978 657 1059 potestatis
680 979 897 1043 tantummodo
912 979 1046 1045 mutatio
1072 978 1156 1044 facta
1179 985 1236 1044 est.

71 1104 94 1152 4.
111 1098 140 1159 4.
176 1097 227 1159 An
248 1113 359 1161 seruus
382 1095 592 1164 manumissus
614 1096 727 1178 capitis
749 1094 994 1162 deminutionem
1017 1094 1160 1178 patitur?
1187 1114 1238 1162 ne·
1273 1102 1290 1153 5

111 1231 270 1294 quaquam
293 1233 378 1293 eane,
402 1213 620 1297 quianullum
643 1215 730 1295 prius
752 1219 848 1295 caput
862 1214 982 1291 habuit,
1005 1220 1054 1281 set
1069 1233 1151 1279 nunc
1166 1220 1239 1296 post

110 1332 387 1397 manumissionem
417 1339 514 1415 caput
542 1333 659 1398 habere
687 1333 790 1413 coepit
811 1339 907 1412 atque
929 1334 960 1396 in
984 1333 1050 1397 iure
1071 1349 1238 1414 personam

68 1460 90 1508 5.
110 1469 233 1532 gerere.
272 1451 301 1514 5.
336 1451 458 1528 Quibus
482 1451 667 1532 dignitatem
691 1449 810 1515 ademit
831 1451 986 1532 princeps,
1010 1450 1120 1531 capitis
1143 1451 1240 1515 demi-

108 1567 275 1634 nutionem
298 1587 360 1632 non
382 1569 556 1650 patiuntur.
580 1575 612 1633 et
634 1567 705 1633 ideo
729 1575 841 1634 senatu
857 1575 959 1633 motus
980 1585 1042 1632 non
1065 1574 1114 1632 est
1136 1568 1238 1649 capite

68 1693 89 1744 6.
109 1687 303 1752 deminutae.
334 1688 363 1750 6.
387 1687 545 1768 Adgnatio
567 1687 663 1769 igitur
686 1687 797 1766 capitis
820 1687 1032 1752 deminutione
1056 1688 1239 1772 plerumque
1259 1698 1291 1749 10

108 1807 293 1887 perimitur:
317 1825 373 1870 cur
396 1811 501 1870 autem
518 1805 654 1872 addatur
680 1805 910 1886 »plerumque«
938 1803 1067 1871 inferius
1087 1823 1239 1887 propone·

107 1943 190 1990 mus.
230 1924 375 2006 cognatio
398 1931 503 1988 autem
526 1924 710 2005 plerumque
732 1941 793 1990 uon
817 1923 992 2005 perimitur.
1037 1923 1110 1990 ideo
1133 1930 1238 1991 autem

111 2044 336 2124 »plerumque«
362 2041 435 2118 dixi,
459 2041 534 2123 quia
555 2042 684 2106 minima
706 2043 817 2123 capitis
838 2042 1010 2109 deminutio
1026 2043 1238 2109 interueniens

109 2161 308 2242 cognationis
330 2162 401 2224 iura
422 2161 545 2241 integra
567 2168 691 2238 seruat,
720 2163 854 2225 maxiuie
881 2168 987 2227 autem
1009 2161 1121 2242 capitis
1143 2162 1236 2227 demi-

110 2279 202 2344 nutio
233 2280 417 2361 contingens
445 2281 659 2360 cognationem
688 2297 814 2360 quoque
842 2279 954 2345 aufert.
1012 2299 1083 2346 nam
1113 2279 1140 2346 si
1167 2280 1238 2359 quis
1258 2297 1289 2347 15

109 2417 225 2462 seruus
252 2416 321 2462 esse
350 2398 479 2477 incipiet
505 2416 567 2462 non
597 2397 731 2479 amplius
764 2399 828 2475 hie,
866 2395 981 2478 quibus
1011 2403 1104 2463 antea
1132 2397 1238 2476 fuerit,

108 2523 264 2600 cognatus
287 2517 368 2594 erit,
391 2523 441 2581 set
462 2534 564 2596 neque
586 2517 613 2580 si
636 2517 878 2582 manumittatur
899 2518 953 2597 qui
976 2517 1049 2598 olim
1071 2516 1152 2582 liber
1173 2516 1239 2583 fue·

107 2642 170 2715 rat,
194 2640 332 2702 ueterem
357 2634 582 2716 cognationem
599 2635 765 2717 reciperat.
811 2641 860 2700 set
887 2635 914 2699 si
937 2635 1071 2700 mediam
1094 2635 1166 2714 quis
1188 2654 1239 2702 ca·

107 2757 185 2838 pitis
217 2753 460 2820 deminutionem
484 2755 617 2836 patitur,
641 2754 740 2820 ueluti
763 2753 791 2820 si
813 2755 974 2835 deportari
996 2753 1132 2834 iubetur,
1157 2757 1239 2838 pari·

66 2890 90 2943 7.
108 2881 160 2940 ter
189 2875 333 2957 cognatio
364 2871 557 2941 dissoluitur.
613 2876 643 2937 7.
678 2873 756 2939 Cum
790 2873 928 2956 pupillus
959 2874 1059 2941 tutela
1088 2874 1235 2956 indigeat,
1254 2897 1289 2949 20

107 2995 172 3059 scis
195 2993 350 3075 adgnatos
373 2994 418 3059 ita
441 2994 565 3059 demum
596 2971 721 3073 uocari,
752 2996 779 3060 si
808 3001 896 3059 tutor
924 2997 1115 3061 testamento
1144 2994 1236 3060 datus

106 3133 172 3180 non
197 3119 290 3178 extet.
325 3113 352 3177 si
375 3132 451 3178 uero
474 3111 579 3194 plures
602 3112 665 3178 sint
686 3114 826 3196 adgnati,
856 3132 917 3180 non
942 3115 983 3180 ad
1005 3131 1113 3180 omnes
1136 3131 1237 3195 aeque

106 3232 212 3298 tutela
234 3233 384 3310 defertur,
408 3240 457 3299 set
479 3233 519 3297 ad
541 3251 596 3298 eos
619 3238 743 3298 tentum
765 3235 819 3317 qui
834 3235 974 3316 proximo
995 3233 1096 3315 gradu
1111 3249 1237 3298 censen·

106 3361 173 3417 tur.
216 3356 251 3416 ut
274 3369 345 3417 ecce
368 3356 454 3416 extat
474 3349 582 3430 irater,
604 3358 691 3416 extat
713 3358 745 3416 et
766 3356 914 3433 patruus:
937 3350 1035 3416 frater
1057 3348 1161 3433 potior
1182 3347 1235 3413 ha-

106 3471 247 3537 bebitur.
291 3476 325 3536 et
346 3470 374 3534 si
396 3471 503 3552 plures
526 3469 666 3537 eiusdem
687 3473 805 3553 gradus
828 3472 904 3549 sint,
928 3471 1026 3538 ueluti
1049 3468 1155 3553 plures
1177 3469 1237 3552 fra·
1254 3490 1288 3540 25

106 3597 176 3656 tres
198 3597 256 3656 aut
276 3590 384 3672 plures
406 3591 522 3672 patrui,
546 3609 654 3658 omnes
676 3593 769 3657 simul
792 3592 998 3659 uocabantur.
