3096 4890
164 614 394 692 uindicandam,
418 616 501 698 quod
524 633 600 682 sane
622 617 731 698 negari
753 635 813 682 non
843 619 957 700 potest.
1011 619 1037 680 A
1066 615 1188 680 nemine
1215 631 1291 680 uero

166 737 352 801 ante>XI¹²¹²¹
373 735 424 800 uel
446 734 553 801 XIItum
576 738 734 802 saeculum
762 735 968 820 Paraphrasis
997 733 1210 818 Theophili
1238 752 1290 800 no·

165 855 247 920 mine
269 855 455 938 insignitum
475 865 523 922 set
547 875 616 922 curn
633 857 700 922 eius
717 857 814 922 uerba
828 875 848 921 a
863 857 1089 922 uetustioribus
1104 855 1290 928 referantur,

165 971 265 1037 Insti
277 976 453 1040 tutiones
468 974 651 1056 simpliciter
663 975 844 1040 laudantur.
868 976 909 1040 Et
926 974 1118 1058 probabilius
1134 975 1201 1040 eius
1217 975 1291 1039 titu-

167 1092 217 1158 lus
232 1093 304 1158 elim
321 1093 425 1159 luerat
443 1119 456 1150 ι
474 1093 760 1179 Τριβοονιανοῢ
782 1093 972 1178 θεοφὲλοο
994 1096 1055 1158 καὶ
1078 1091 1289 1179 Δωροθέου

131 1287 132 1290 ¹
164 1213 406 1294 Institdto‹;
429 1215 474 1278 ito
497 1213 609 1279 saltem
632 1212 740 1279 notula
767 1216 798 1278 in
828 1215 962 1295 quodam
992 1214 1156 1294 parisiensi
1184 1214 1289 1280 codice

164 1341 292 1399 seruata
314 1332 446 1399 innuere
468 1333 543 1398 mihi
573 1334 739 1417 uidetur1).
792 1341 824 1400 et
853 1353 966 1400 reuera
995 1353 1063 1400 cum
1087 1334 1289 1416 Digestorum

163 1451 262 1522 Index
283 1471 303 1518 a
324 1451 495 1534 Theophilo
519 1452 678 1519 confectus
701 1455 760 1518 snb
783 1453 850 1518 eius
877 1455 1001 1518 nomine
1028 1471 1151 1535 semper
1173 1454 1288 1530 ueniat,

163 1573 275 1637 mirum
298 1572 380 1638 toret
402 1571 641 1637 Institutionum
657 1572 879 1654 Paraphrasin‚
903 1576 929 1637 si
953 1575 993 1638 ab
1015 1593 1052 1638 co
1075 1574 1186 1638 luisset
1208 1591 1289 1638 com·

163 1693 274 1773 posita,
298 1711 456 1772 nunquam
480 1694 519 1758 ab
542 1693 775 1773 antiquioribus
797 1693 843 1758 ita
866 1694 997 1758 laudari.
1042 1693 1151 1774 Neque
1174 1694 1289 1780 desunt

162 1819 349 1891 argumenta
379 1811 568 1876 intrinsecus
597 1813 711 1892 petita,
735 1831 816 1892 quae
852 1832 871 1876 a
899 1793 1089 1893 Paraphrasi
1118 1810 1287 1893 Theophila

162 1931 329 1995 tribuenda
352 1949 481 2012 prorsus
505 1932 694 1996 deterreant.
728 1950 767 1996 ne
789 1931 822 1996 in
845 1932 1004 1997 erroribus
1026 1930 1058 1995 in
1080 1951 1116 1996 re
1138 1932 1288 1997 historica

163 2056 196 2115 et
217 2052 394 2132 antiquaria
417 2051 561 2115 admissis
584 2050 783 2117 recensendis
806 2052 1014 2116 subsistamus
1038 2051 1082 2134 (in
1105 2052 1219 2133 quibus
1241 2069 1288 2116 re-

162 2172 221 2236 bus
253 2179 378 2237 ueteres
411 2171 649 2238 iurisconsultos
684 2192 813 2254 peccare
846 2172 1041 2254 frequentius
1078 2181 1185 2237 notum
1216 2171 1288 2252 est),

163 2306 224 2379 noo
248 2290 326 2355 adeo
349 2292 439 2372 pauci
461 2293 494 2355 in
517 2292 585 2372 ipsa
607 2291 746 2373 legitima
767 2292 897 2357 scientia
927 2310 1049 2356 errores
1072 2293 1103 2356 in
1126 2292 1184 2356 hoc
1207 2289 1288 2357 libro

161 2409 375 2488 inueniuntur,
399 2412 452 2490 qui
475 2419 538 2475 tarn
562 2412 647 2477 claro
663 2411 871 2489 Antecessori
895 2411 948 2494 qui
971 2411 1155 2492 praesertim
1176 2413 1207 2474 in
1233 2410 1287 2474 Di·

154 2533 261 2612 ,gestis
284 2531 505 2612 componendis
528 2532 623 2596 luerit
647 2538 802 2626 uersatus,
826 2531 894 2596 sine
916 2549 1029 2609 magna
1050 2530 1166 2595 iniuria
1189 2530 1286 2595 tribui

52 2645 54 2650 ’
162 2658 327 2733 nequeant.
378 2661 409 2716 et
438 2669 477 2716 ne
503 2652 533 2716 in
562 2671 597 2716 re
628 2652 793 2716 manifesta
826 2669 998 2727 moramur,
1031 2667 1124 2730 quam
1153 2647 1285 2716 ridicule

161 2772 262 2836 locum
293 2772 333 2835 de
354 2772 521 2836 heredibus
551 2791 588 2835 ex
618 2772 795 2852 disparibus
824 2771 967 2850 partibus
995 2769 1119 2850 scriptis
1149 2768 1284 2834 inuicem

229 3079 252 3143 1)
271 3075 334 3130 (lod.
354 3091 392 3144 gr.
411 3074 472 3128 Par.
494 3075 559 3129 1367
577 3074 622 3128 tol.
646 3077 689 3130 97.
714 3074 747 3128 ci.
773 3073 947 3128 Zacharit.
981 3073 1007 3126 ‘0
1032 3074 1182 3145 πρόχειρος
1201 3073 1285 3136 νόμος

162 3180 189 3232 p.
207 3162 261 3216 XII
280 3178 318 3215 n.:
342 3161 410 3214 haec
432 3169 522 3214 tamen
544 3161 572 3214 in
596 3159 661 3215 Ood.
685 3167 813 3228 corrupta
836 3164 905 3212 sunt.
940 3159 972 3213 In
996 3158 1072 3213 libris
1094 3167 1184 3213 tamen
1202 3174 1284 3212 manu

162 3247 271 3318 scriptis
290 3249 415 3316 (quornm
438 3246 528 3300 nullus
553 3245 691 3302 saecX10
715 3244 852 3314 antiquior
875 3247 960 3309 extat)
979 3243 1155 3310 Paraphrasis
1173 3244 1284 3300 Theo·

162 3333 248 3403 phili
265 3334 372 3388 nominc
390 3333 540 3401 insignitor.
578 3331 656 3397 Nam,
674 3337 705 3384 ut
723 3331 756 3385 do
774 3330 817 3384 his
835 3338 941 3398 taceam
960 3329 1006 3398 qui
1023 3329 1101 3382 initio
1116 3334 1208 3382 carent
1228 3330 1283 3398 [eo

160 3433 220 3473 rum
232 3423 323 3473 antem
335 3418 544 3485 subscriptiones
565 3417 628 3470 uide
640 3415 676 3468 sis
688 3415 716 3468 in
729 3415 846 3469 aditione
858 3414 911 3469 hac
922 3415 1038 3482 nostra]‚
1050 3413 1132 3467 Lacr.
1145 3413 1253 3481 LXXX,
1269 3417 1281 3467 1

161 3505 200 3559 sic
216 3504 324 3572 incipit:
345 3504 418 3574 ἀρχὴ
443 3507 491 3572 τῆς
514 3502 627 3574 πρώτης
651 3502 877 3571 ῑνοτιτοοτίω[νος
903 3499 1049 3570 θεο]φίλοο
1069 3499 1282 3570 ἀντοιήνοωροςε

161 3591 271 3655 LXXX,
290 3594 318 3644 2:
338 3589 495 3660 ὴ·διάτοξις
512 3588 657 3654 βεβεοῦσα
681 3588 715 3640 τὰ
738 3588 902 3640 ὶοστιτοῦτα.
933 3587 1006 3658 ἀρχὴ
1030 3592 1079 3655 τῆς
1099 3603 1145 3653 πρ.
1165 3585 1232 3638 loct.
1254 3583 1282 3638 θ.

161 3677 369 3748 ἀντοιήνσοροςε
388 3677 421 3744 Χ,
443 3680 486 3730 16;
507 3675 578 3746 ἀρχὴ
598 3675 648 3726 σὺν
666 3675 725 3744 θεῷ
745 3678 797 3727 τῶν
815 3673 990 3725 tanewara»
1015 3671 1146 3738 θεοφίλοο
1165 3671 1282 3723 dorcada·

161 3782 261 3834 σωρος.
299 3747 373 3835 ἀρχὴ
396 3767 445 3832 τῆς
467 3763 581 3832 πρώτης
603 3761 816 3820 ῑνστιτοοτίιονος
841 3759 973 3826 θεοφίλοο
993 3758 1204 3827 ἀντικένσωροςε
1224 3755 1280 3809 Pal.

160 3865 200 3917 gr.
220 3853 252 3904 19
271 3851 316 3917 [=
335 3847 452 3901 Bruxell.
471 3851 522 3902 403
540 3854 568 3899 et
585 3845 667 3900 Laut.
689 3845 799 3912 LXXX,
816 3847 859 3912 61:
878 3845 951 3914 ἀρχὴ
970 3844 1020 3896 σὺν
1040 3846 1100 3914 θεῷ
1118 3845 1175 3895 τῶν
1190 3839 1282 3894 ‘laare-

161 3935 265 3988 τούτων
289 3933 420 4001 θεοφίλοο
440 3932 649 4002 ἀντικήνσορος.
686 3931 750 3986 item
769 3929 827 3984 cod.
847 3929 928 3984 Tanr.
947 3927 981 3982 de
999 3928 1074 3981 libris
1092 3927 1282 3994 parisiensibus

162 4021 207 4073 cir.
233 4020 348 4074 alteram
370 4019 449 4072 huius
474 4019 564 4085 operis
586 4023 698 4084 partam.
740 4015 799 4084 Ego
824 4023 915 4070 autern
936 4013 1021 4084 ‘dplb
1046 4012 1095 4065 σὺν
1120 4013 1178 4084 θεῷ
1197 4017 1281 4081 τῆςᾶ

161 4106 231 4162 lost?
251 4107 355 4174 scripsi,
375 4112 405 4159 ut
428 4105 571 4171 ἀναλογίαν
598 4102 697 4158 codicis
720 4102 912 4168 messanensis,
937 4115 1017 4170 quem
1039 4098 1067 4152 in
1092 4099 1188 4152 cetaria
1206 4098 1281 4155 libris

162 4199 268 4248 secutus
287 4207 355 4257 sum,
374 4205 517 4244 seruarem.
