3022 4884
606 411 838 476 -rot-

165 595 398 679 dispiciendum
420 601 477 664 est
515 600 564 662 sat
585 615 655 664 eum
677 597 899 664 hereditatium
920 595 1035 678 duplex
1056 596 1284 680 quodammodo

172 717 285 784 modus
307 717 525 799 adquisitionis
547 717 589 782 sit
610 717 680 800 (ant
702 717 782 783 enim
805 735 843 782 ex
870 721 1058 783 testamento
1087 721 1143 812 aut
1171 716 1213 782 ab
1239 713 1284 780 in-

165 843 285 902 testato
308 837 349 902 ad
370 854 427 902 nos
450 835 634 918 pertinent),
656 839 781 915 oportet
801 833 887 918 prius
911 834 1062 915 dispicere
1084 833 1123 900 de
1146 811 1285 917 eaquae

163 975 205 1021 ex
231 960 423 1022 testamento
453 953 625 1021 defertur·
652 960 685 1020 et
714 961 788 1020 ants
814 953 919 1020 omnia
943 953 1106 1021 dicendum
1134 956 1184 1020 est
1209 972 1285 1036 qno·

163 1075 258 1142 modo
280 1079 470 1141 testamenta
491 1074 683 1140 ordinentur.
1318 1077 1339 1130 ὅ

367 1685 414 1750 De
436 1685 631 1750 testamentis
653 1684 842 1751 ordinandis.
887 1683 1010 1750 Titulus
1034 1682 1083 1750 10.
1151 1730 1155 1740 .

253 1870 289 1936 In
312 1873 422 1954 primis
444 1873 649 1955 proponenda
671 1875 720 1938 est
742 1869 880 1936 definitio
906 1872 973 1937 sine
995 1868 1184 1954 subnoteris.
1229 1875 1287 1937 te·

165 1996 408 2057 stamentnm
432 1992 548 2057 dicitur
568 1989 653 2072 apud
674 1989 832 2056 Romanos
860 1989 933 2055 inde
955 1990 1041 2056 uocis
1057 1990 1208 2074 originem
1231 1990 1287 2056 du·

165 2129 241 2178 cens
264 2112 348 2194 qnod
371 2111 544 2177 testatio
572 2101 715 2177 mentis
737 2109 788 2189 sit,
811 2109 1022 2176 testimonium
1045 2109 1127 2175 enim
1150 2108 1289 2176 defuncti

119 2249 147 2299 1.
165 2228 341 2296 uoluntatis
363 2230 394 2295 in
417 2248 451 2295 se
474 2231 620 2296 continet.
657 2232 684 2294 1.
717 2229 762 2295 Ut
784 2248 860 2294 uero
881 2228 960 2292 nihil
981 2247 1087 2295 eornm
1109 2245 1191 2308 quae
1212 2227 1287 2294 oiim

166 2349 354 2433 optinebant
374 2349 547 2432 ignoretur,
569 2351 713 2432 quamuis
736 2348 888 2415 eiusmodi
909 2348 1085 2430 ignorantia
1100 2346 1220 2412 nullum
1233 2365 1286 2428 pe·
1307 2372 1340 2425 10

164 2469 300 2535 riculnm
323 2468 525 2551 praeseferat,
547 2472 652 2536 tamen
675 2467 715 2534 ad
736 2467 898 2534 historiam
920 2466 1166 2550 cognoscendam
1192 2471 1288 2547 atque

168 2587 210 2654 ad
236 2587 420 2655 discendum
442 2587 597 2669 quomodo
619 2586 780 2670 paullatim
806 2584 955 2668 temporis
984 2603 1151 2668 progressu
1173 2601 1225 2651 res
1246 2585 1288 2650 sit

165 2711 304 2786 mutata,
328 2706 361 2773 id
382 2712 522 2774 tractare
548 2706 631 2771 haud
658 2705 828 2772 absurdum
856 2704 991 2771 uidetur.
1042 2704 1115 2771 olim
1143 2704 1207 2772 duo
1236 2723 1289 2787 ge·

164 2847 246 2894 nera
267 2832 527 2894 testamentorum
549 2832 648 2905 erant,
672 2831 704 2892 et
725 2844 822 2892 unum
843 2824 969 2906 quidem
996 2824 1144 2891 calatis
1171 2823 1286 2890 comi-

165 2947 245 3014 tiis
268 2947 441 3027 dicebatur,
463 2948 597 3014 alterum
619 2952 725 3012 autem
747 2947 965 3030 procinctu.
1011 2951 1043 3014 et
1065 2946 1208 3014 calatis
1230 2961 1341 3016 co-15

164 3067 292 3133 mitiis
324 3071 545 3134 testamentum
577 3065 673 3133 tiebat
701 3071 841 3149 tempore
867 3067 953 3148 pacis
987 3065 1096 3132 bisin
1124 3083 1206 3131 anno
1233 3085 1289 3148 per
1326 3095 1330 3100 ·

166 3187 252 3252 bunc
273 3186 411 3252 modum.
455 3203 570 3267 praeco
592 3203 713 3252 omnem
740 3185 924 3252 circumibat
952 3179 1111 3251 ciuitatem
1139 3182 1287 3267 populum

169 3307 356 3378 conuocans,
379 3302 544 3387 omnisque
563 3304 697 3388 populus
719 3303 925 3370 conueniebat
947 3309 979 3369 et
1000 3304 1054 3384 qni
1067 3301 1193 3369 uolebat
1207 3306 1288 3368 teste

164 3426 283 3512 populo
306 3431 529 3492 testamentum
557 3424 719 3490 condebat
770 3423 843 3490 hinc
871 3440 948 3489 uero
965 3393 1143 3489 '’calatis
1170 3420 1289 3488 comi·

162 3546 252 3612 tiisa
278 3545 403 3620 dicitur,
424 3544 499 3626 quia
520 3541 654 3610 calare
677 3559 948 3608 ›conuocare‹
973 3545 1031 3621 est,
1053 3539 1213 3607 comitia
1235 3558 1289 3607 au·
1306 3558 1341 3612 po

162 3670 231 3732 tem
253 3671 426 3730 conuentus
448 3669 534 3729 sunt.
576 3680 646 3730 cum
668 3679 745 3728 uero
767 3660 930 3728 conuocati
951 3661 1163 3741 conuenirent,
1185 3660 1288 3727 cala·

162 3784 224 3851 tis
246 3783 381 3850 comitiis
403 3781 436 3848 id
457 3781 527 3849 fieri
549 3781 720 3849 dicebatur.
747 3779 954 3863 procinctu
975 3784 1079 3845 antem
1101 3778 1197 3846 tiebat
1218 3797 1289 3846 cum

165 3903 199 3970 in
232 3903 389 3986 proelium
422 3903 529 3968 essent
556 3899 683 3973 exituri3
719 3918 757 3966 ac
785 3915 898 3966 nomen
926 3900 967 3965 ab
994 3898 1104 3965 habitu
1131 3903 1290 3983 sumptum

169 4029 229 4104 est,
257 4041 320 4106 qno
342 4021 551 4089 testabantur.
600 4011 777 4102 procinctus
806 4020 887 4086 enim
916 4019 1031 4087 dicitur
1057 4021 1230 4102 instructus
1258 4025 1291 4085 et
