3058 4890
607 446 838 512 -230-

161 633 223 700 sibi
251 634 392 699 relictum
415 651 533 714 poenae
561 633 684 699 nomine
713 634 850 714 legatum
880 651 1065 710 agnoscerm
1099 640 1149 700 set
1178 652 1217 700 ne
1246 634 1277 698 in

162 752 271 818 militis
300 751 424 832 quidem
452 758 640 818 testamento
661 759 764 817 ratum
791 752 899 818 haberi
921 753 1056 834 legatum
1086 771 1205 834 poenae
1227 771 1281 817 no·

164 871 245 938 mine
278 871 437 949 relictum,
470 872 542 937 licet
574 844 659 936 alias¹
685 872 818 936 militum
848 873 1025 937 uoluntates
1052 873 1083 936 in
1113 851 1279 938 testamen·

162 993 204 1057 tis
231 1011 287 1073 pro
316 991 385 1072 lege
412 990 596 1058 habeantur.
647 993 720 1074 quin
748 993 841 1057 etiam
875 1011 975 1073 neque
1004 993 1132 1058 libertas
1162 1011 1280 1073 poenae

162 1113 286 1177 nomine
308 1111 417 1177 relicta
438 1119 509 1176 rata
530 1112 673 1186 habetur,
696 1131 797 1194 neque
819 1111 922 1176 ualido
937 1111 1007 1192 quis
1022 1130 1140 1194 poenae
1155 1111 1279 1178 nomine
1313 1121 1330 1172 a

161 1233 252 1298 heres
275 1231 463 1306 instituitur,
490 1250 569 1312 quae
599 1229 708 1296 Sabini
734 1232 889 1296 sententia
918 1239 975 1297 est.
1027 1228 1125 1296 ueluti
1154 1231 1180 1294 si
1209 1233 1278 1313 quis

161 1351 206 1415 ita
228 1350 327 1414 dicat:
350 1350 485 1414 Titius
507 1349 605 1414 milri
627 1351 741 1416 heres
764 1357 867 1423 esto,
897 1351 975 1416 nisi
997 1351 1128 1416 Titius
1150 1350 1278 1416 liliam

162 1487 269 1534 suam
286 1468 377 1535 Seio
397 1469 435 1534 in
458 1469 738 1535 matrimonium
761 1470 1034 1543 oolloonuerit,
1057 1467 1173 1536 Seius
1195 1487 1278 1549 quo·

161 1589 367 1669 quoheres
390 1594 489 1666 esto,
517 1587 707 1670 inutilis·est
728 1585 790 1653 Seii
812 1589 977 1653 institutio.
1017 1588 1202 1655 sicutenim
1224 1589 1278 1672 he·

158 1727 212 1796 res
234 1709 330 1789 legati
351 1709 476 1773 datione
497 1707 691 1773 incommodo
713 1707 870 1802 adiicitur,
892 1709 990 1772 itaet
1018 1709 1126 1774 heredi
1153 1708 1279 1775 cohere·
1298 1723 1329 1773 10

160 1827 210 1893 uis
237 1827 395 1894 institutio
425 1827 538 1892 damno
565 1833 630 1904 est,
662 1834 772 1906 utpote
800 1847 880 1909 quae
908 1830 936 1892 ei
966 1828 1128 1904 dimidium
1154 1829 1278 1894 auferat

160 1945 355 2012 hereditatis.
398 1951 447 2010 set
469 1947 620 2012 eiusmodi
641 1946 912 2028 scrupulositatem
943 1948 1173 2034 sacratissimus
1194 1950 1277 2030 prin·

160 2084 232 2148 ceps
255 2067 370 2141 noster,
394 2082 463 2130 oum
486 2063 546 2129 sibi
575 2084 636 2129 non
663 2065 813 2146 placeret,
842 2067 980 2145 generali
1008 2067 1137 2132 sustulit
1164 2069 1277 2134 eonsti-
1315 2119 1317 2126 .

159 2185 294 2263 tutione,
324 2203 387 2265 qua
410 2186 495 2251 cauit
522 2184 596 2249 lioet
617 2204 735 2264 poenae
758 2185 881 2250 nomine
908 2187 1017 2251 relicto
1043 2186 1095 2250 uel
1131 2186 1277 2269 adempto

157 2308 208 2374 uel
231 2309 353 2374 demum
376 2308 408 2373 in
431 2307 509 2374 alios
531 2310 683 2374 translata
704 2311 856 2392 quaedam
879 2310 995 2376 luerint
1016 2329 1055 2375 ne
1071 2327 1143 2374 eoa
1165 2308 1276 2374 ceteris
1295 2327 1327 2378 15

159 2426 276 2493 distent
296 2426 410 2508 legata,
430 2427 463 2492 in
486 2429 599 2508 quibus
621 2415 701 2492 citra
722 2448 854 2510 poenam
879 2428 964 2494 datio
993 2428 1152 2509 ademptio
1175 2433 1277 2493 trans·

156 2547 233 2614 latio
252 2545 297 2619 fio,
320 2545 457 2626 exceptis
484 2547 546 2612 illis
574 2547 722 2614 uidelicet
749 2566 830 2628 quae
859 2549 909 2614 uel
931 2547 1137 2629 impossibilia
1159 2549 1210 2614 uel
1233 2551 1277 2615 le·

157 2667 248 2747 gibus
265 2666 365 2732 uetita
381 2667 434 2732 uel
448 2666 526 2732 alies
540 2669 692 2748 probrosa
705 2686 760 2733 seu
775 2667 925 2734 iniuriosa
939 2669 1012 2746 sint,
1028 2669 1179 2734 eiusmodi
1194 2670 1274 2734 enim

157 2792 342 2854 testatorum
362 2786 581 2868 dispositiones
603 2785 709 2852 ualere
736 2786 871 2852 alienum
901 2806 969 2854 esse
995 2788 1056 2870 piis
1083 2787 1275 2870 temporibus

156 2903 278 2985 imperil
299 2906 348 2972 sui
370 2906 499 2972 censuit
541 2911 573 2972 et
594 2907 796 2988 impossibilia
824 2906 966 2990 quidem,
989 2908 1087 2974 ueluti
1108 2909 1134 2973 si
1158 2908 1273 2974 dicam:
1291 2913 1326 2964 20

156 3025 262 3094 'sitio
285 3045 426 3092 aureos
455 3026 479 3090 G
508 3029 552 3092 do
574 3027 680 3108 lego,
713 3027 747 3092 si
768 3028 807 3092 in
829 3027 980 3094 eoelum
1002 3027 1272 3094 adscenderit:

156 3145 237 3210 nisi
266 3165 357 3212 uaro
378 3146 417 3211 in
440 3147 589 3213 coelum
611 3147 888 3228 adscenderit,
916 3165 979 3213 eos
1008 3146 1141 3214 Primo
1174 3147 1272 3227 lego.

156 3264 212 3329 hos
238 3265 320 3331 enim
346 3266 378 3332 in
406 3267 465 3334 hac
492 3268 596 3348 specie
622 3268 725 3335 Titius
751 3270 891 3351 aaoipiet.
943 3268 994 3335 uel
1020 3269 1047 3335 si
1077 3269 1122 3333 ita
1153 3267 1275 3334 dicum:-
