3038 4884
567 431 778 493 ..44-

86 630 108 679 5.
123 612 203 692 iungi
236 614 432 680 matrimonio
464 622 605 696 possunt.
659 618 689 681 5.
734 616 869 684 Αιιὶιιιιι
902 634 1001 682 meam
1042 615 1152 698 (amita
1184 621 1233 682 est

123 736 220 806 ιιιειι
241 733 340 814 putn's
362 734 464 816 soror)
486 751 606 818 nequeo
622 753 750 801 uxorem
764 733 889 814 ducere,
912 735 985 802 licet
1007 735 1157 816 adoption
1180 734 1232 814 sit,

122 855 165 913 set
193 869 295 932 neque
328 858 528 919 materteram
555 857 618 936 (est
644 859 749 920 autern
778 858 947 920 matertera
980 852 1091 919 matris
1128 854 1230 936 soror)

122 969 189 1050 quia
209 977 375 1052 parentum
396 971 464 1037 loco
485 971 654 1037 habentur:
685 972 855 1056 eademque
884 973 1006 1038 ratione
1028 989 1129 1054 neque
1151 990 1233 1054 mog·

122 1105 187 1152 nam
207 1088 336 1154 amitam
358 1107 459 1172 neque
481 1107 624 1171 magnam
647 1095 863 1170 materteram,
892 1091 1007 1173 quippe
1035 1107 1116 1172 quae
1146 1091 1231 1156 auia·
1266 1093 1283 1145 ὁ

121 1226 183 1272 rum
197 1207 265 1274 loco
280 1207 464 1274 habeantur.
488 1216 537 1276 est
550 1218 655 1277 autem
675 1229 816 1292 magna
836 1211 956 1278 amita
977 1209 1031 1276 aui
1052 1210 1113 1276 mei
1135 1228 1232 1291 soror,

122 1345 207 1407 qnam
222 1332 313 1409 pater
328 1345 415 1394 maus
430 1330 559 1394 amitam
574 1330 765 1412 appellabat:
781 1347 839 1411 ego
855 1347 930 1395 uero
947 1347 1089 1412 magnam
1104 1331 1232 1396 amitam

121 1464 199 1512 uoco.
220 1465 362 1530 ‘magna
383 1451 489 1513 autem
511 1452 734 1514 matertera
755 1465 844 1514 soror
866 1456 914 1514 est
936 1448 1027 1514 auiae
1043 1465 1123 1527 mea,
1137 1467 1231 1530 quam

120 1573 213 1631 mater
234 1584 306 1633 mea
327 1572 537 1640 materteram,
562 1585 619 1648 ego
642 1573 746 1633 autem
767 1585 911 1650 magnam
926 1575 1127 1634 materteram
1143 1586 1230 1635 uoco.

119 1683 226 1750 licitur
247 1692 353 1750 autem
379 1685 419 1751 tle
441 1687 538 1752 amita
565 1705 627 1752 non
655 1705 747 1767 posse
776 1706 825 1753 me
853 1704 921 1753 eam
949 1704 1077 1753 uxorem
1106 1687 1230 1764 ducere,
1251 1703 1283 1754 10

120 1805 257 1882 quamuis
280 1805 429 1887 adoptiua
456 1807 511 1886 sit;
539 1824 600 1871 non
622 1824 697 1872 uero
725 1806 764 1871 de
791 1812 968 1874 matertera.
1019 1814 1064 1872 et,
1077 1807 1231 1889 quomodo
1332 1797 1334 1802 ’

119 1921 152 1985 lit
174 1929 209 1987 ιι
237 1925 393 2004 quaedam
415 1944 471 2007 ρει
502 1924 699 2008 adoptionem
728 1926 825 1992 amita
854 1943 1008 2008 magnaue
1035 1927 1131 1991 amita
1162 1943 1231 1992 esse

119 2041 262 2125 incipiat?
284 2052 321 2109 ιιι
342 2063 413 2111 ecco
433 2063 512 2110 auus
530 2063 618 2111 meus
640 2051 805 2127 paternus,
829 2046 883 2127 qni
903 2044 999 2111 filium
1023 2045 1160 2112 habebat
1180 2065 1231 2128 pa-

120 2169 192 2226 trem
217 2181 341 2242 meum,
370 2163 504 2246 puellam
533 2165 691 2244 quandam
717 2165 928 2247 adoptandam
955 2166 1106 2248 suscepit,
1136 2179 1230 2247 quum

120 2288 202 2362 pater
222 2301 312 2347 meus
334 2282 514 2364 adoptiuum
536 2302 675 2350 sororem
692 2283 833 2360 uocabat,
857 2301 914 2364 ego
930 2290 1035 2349 antem
1049 2283 1229 2366 adoptiuum
1250 2303 1280 2354 15

120 2403 251 2467 amitam.
275 2385 452 2482 'quomodo
475 2410 579 2469 autem
602 2403 757 2487 quaedam
784 2421 898 2484 magua
924 2401 1024 2492 amita
1049 2422 1105 2486 per
1134 2403 1228 2485 adop·

120 2520 227 2587 tionem
250 2539 321 2588 esse
342 2521 464 2605 coepit?
486 2521 567 2605 finge
588 2542 740 2607 proauum
763 2530 931 2606 paternum
953 2542 1073 2601 meum,
1097 2541 1167 2589 cum
1195 2523 1229 2588 li·

120 2635 191 2702 linm
212 2640 346 2707 haberet
367 2659 462 2706 auum
476 2660 592 2722 meum,
615 2642 750 2725 puellam
764 2643 922 2725 quandam
937 2644 1148 2726 adoptandam
1162 2660 1228 2710 sus·

120 2759 249 2840 cepisse3
273 2762 353 2828 hane
375 2779 454 2826 anus
477 2779 565 2828 meus
588 2763 768 2844 adoptiuum
790 2781 929 2829 sororem
952 2769 1112 2841 uocasset,
1140 2769 1230 2846 pater

121 2885 216 2944 autem
239 2896 329 2944 meus
350 2879 530 2961 adoptiuum
552 2875 688 2956 amitam,
710 2899 767 2963 ego
790 2882 914 2948 demum
936 2900 1089 2964 magnam,
1112 2881 1283 2966 adoption

124 3016 189 3064 uam
224 3000 363 3066 amitam.
422 3001 492 3066 ideo
529 3007 636 3066 antem
679 3002 710 3066 in
752 3000 852 3066 amita
894 3006 1019 3066 tantum
1055 3001 1231 3085 adoptionis

121 3117 172 3185 leci
202 3120 410 3197 mentionem,
444 3138 507 3185 non
540 3139 617 3186 uero
652 3122 684 3185 in
722 3127 906 3198 matertera,
942 3121 1033 3203 qnia,
1069 3139 1139 3186 enm
1174 3139 1231 3201 ρει

121 3239 276 3305 masculini
308 3257 400 3305 sexus
428 3257 592 3322 personam
624 3238 715 3317 mini,
736 3240 957 3322 coniungatur,
991 3237 1127 3321 adgnata
1156 3238 1231 3303 mihi

122 3375 182 3423 esse
202 3358 409 3442 intellegitur,
437 3367 485 3425 set
512 3365 544 3424 et
566 3365 712 3440 cognata:
737 3361 868 3442 quisque
895 3359 977 3424 enim
1004 3360 1161 3441 adgnatos
1183 3365 1232 3426 est

121 3478 180 3558 ipse
211 3499 341 3563 prorsus
375 3485 407 3546 et
444 3485 603 3562 cognatus.
663 3478 691 3544 ni
730 3497 812 3561 quae
845 3485 955 3544 ‘antem
994 3497 1051 3561 per
1089 3478 1231 3562 adoptio·
1248 3494 1281 3546 25

122 3615 185 3664 nem
206 3601 282 3666 milri
304 3606 477 3666 matertera
499 3617 568 3664 esse
590 3598 736 3679 coeperit,
759 3598 888 3680 nuptiae
913 3617 1043 3681 prorsus
1071 3617 1132 3664 non
1160 3616 1230 3678 pro·

121 3714 274 3784 hibentur:
297 3735 378 3796 nam,
402 3718 516 3801 quippe
531 3735 612 3803 quae
633 3716 710 3782 mihi
732 3734 789 3799 per
809 3716 951 3782 feminini
973 3736 1065 3784 sexus
1080 3693 1230 3800 personas

122 3836 274 3920 iungatur,
302 3844 436 3920 cognata
463 3837 539 3902 mihi
566 3839 642 3904 erit:
669 3842 718 3904 set
746 3857 818 3905 cum
846 3838 917 3904 talis
944 3856 1001 3920 per
1029 3837 1230 3918 adoptionem

123 3953 197 4022 laeta
218 3959 272 4040 sit,
301 3956 418 4023 nullam
446 3975 568 4024 meeum
597 3957 788 4040 cognationis
810 3961 943 4038 speeiem
965 3956 1074 4036 habet,
1102 3962 1230 4039 propter

124 4073 190 4142 iuris
216 4077 374 4158 regulam,
403 4093 466 4158 qua
488 4077 519 4141 in
541 4076 741 4159 adoptionem
763 4075 907 4158 cognatio
930 4094 987 4159 pro
1009 4074 1105 4141 nihilo
1121 4073 1230 4141 haberi
1248 4093 1283 4144 ao
