2990 4884
696 409 926 472 -102-

257 590 425 654 ἐπιδιώκειν
448 590 532 672 αύτδ,
557 599 611 679 τῆς
632 594 710 682 ἐμῆς
732 594 808 657 εῖναι
830 596 957 658 παύεται
980 597 1159 671 δεσποτείας
1186 597 1236 660 καί
1258 581 1379 679 γίνεταί

257 693 309 757 τοῦ
337 696 667 778 καταλαμβάνοντος.1)
720 699 804 784 τρίτη
832 699 940 781 γέγονε
968 701 1075 786 γνώμη
1105 705 1193 762 τινῶν
1221 700 1376 782 λεγόντων
1445 779 1448 788 ,

253 799 297 883 μὴ
319 797 436 882 ἑτέρως
458 797 513 880 ἐμὲ
535 802 585 862 τδν
609 802 771 884 τρώσαντα
794 800 932 883 γίνεσδαι
954 802 1107 888 δεσπότην
1123 801 1176 866 τοῦ
1197 803 1324 889 δηρίου,
1348 805 1376 867 εί

253 902 329 988 μηῖ)
354 903 415 977 ἕως
437 900 473 964 οὗ
496 903 605 966 τούτου
628 905 792 986 δραίξομαι.
835 903 885 968 καί
909 905 1019 990 ταύτην
1040 906 1155 988 μᾶλλον
1185 908 1238 994 τὴν
1269 906 1375 992 τρίτην

221 1007 385 1088 δβεβαιοῖ
403 1009 528 1094 γνώμην
549 1009 600 1089 δ3)
623 1009 774 1093 ἡμέτερος
794 1008 950 1089 βασιλεὺς,
973 1010 1117 1090 λογισμὸν
1132 1008 1284 1094 προσδεῖς
1306 1007 1376 1072 τού-

256 1111 348 1192 τυν1).
394 1109 471 1197 φησί
499 1112 559 1194 γὰρ
590 1113 635 1173 ότι
664 1112 759 1175 πολλὰ
781 1109 812 1174 έν
844 1113 888 1196 τῷ
914 1111 1031 1192 μεταξύ
1062 1112 1217 1198 συμβῆναι
1246 1111 1376 1176 δύναται

256 1213 340 1276 όίτινα
363 1211 418 1276 olm
440 1213 480 1299 ἐᾷ
499 1237 542 1299 με
565 1216 597 1274 τό
622 1213 784 1300 εἰρημένον
812 1215 950 1299 δηριῖσαι
979 1215 1076 1287 ζῶον·
1108 1217 1198 1300 τυχόν
1225 1215 1286 1297 γὰρ
1317 1215 1377 1300 δη-

252 1317 321 1399 ρίον
344 1317 521 1402 ἀπαντῆσαν
541 1316 647 1401 ἄγριον
670 1314 805 1379 ἐκώλυσέ
824 1340 866 1399 με
881 1317 1056 1399 περαιτέρω
1073 1315 1229 1404 προβῆναι
1243 1317 1375 1403 ἤγουνῧ)

255 1421 375 1505 ἥρπασε
397 1422 431 1481 τὸ
455 1421 531 1504 παρ’
553 1418 632 1502 ἐμοῦ
653 1419 775 1502 τρωδὲν
797 1418 816 1504 ἢ
838 1417 889 1481 καί
903 1419 936 1482 ὲν
952 1423 996 1504 τῷ
1016 1417 1184 1481 ἐπιδιώκειν
1204 1420 1377 1506 δυσχερέσι

206 1525 237 1575 10
255 1524 429 1606 περιπεσὼν
452 1522 555 1596 τόποις
576 1521 631 1584 ούιι
652 1521 812 1609 ἠδυνηδην
837 1483 1014 1608 ἐπιζηιηόυι
1038 1523 1070 1584 τδ
1094 1519 1215 1607 δημίου.
1262 1525 1311 1586 14.
1336 1517 1425 1588 H‘14„

254 1631 314 1689 τῶν
334 1621 488 1706 μελισσῶν
511 1625 601 1709 φύσις
622 1623 704 1688 ἐστιν
727 1623 835 1708 ἀγρία·
860 1624 964 1748 ἀμέλει
986 1646 1031 1686 τοι
1054 1623 1086 1687 έν
1109 1627 1153 1710 τῷ
1175 1626 1224 1708 σῷ
1247 1623 1376 1712 δένδρῳ

253 1728 405 1792 καδεοδε
393 1749 455 1790 ισοιι
475 1727 617 1809 μέλισσαι
639 1749 693 1813 της
716 1750 774 1813 σης
796 1725 833 1789 ού
856 1727 988 1808 γίνονται
1011 1727 1203 1805 δεσποτείας,
1227 1729 1297 1810 πρίν
1318 1727 1377 1789 αύ-

254 1831 308 1905 τὰς
331 1835 394 1904 τοῖς
417 1830 587 1911 σίμβλοις’
577 1853 692 1894 εναποκ
693 1830 840 1916 λείσηςθ),
868 1830 906 1904 ἃς
926 1830 1056 1911 λέγομεν
1085 1829 1283 1914 κυφέλλαςῖ),
1314 1830 1377 1905 ῶς-

254 1955 313 2019 περ
335 1929 409 1995 οόδέ
394 1933 469 1995 έτὰ
492 1931 597 2014 ὄρνεα,
614 1935 698 1995 ἅτινα
722 1934 855 1995 νεοττιὰν
877 1933 910 1995 έν
927 1937 971 2018 τῷ
987 1958 1036 2018 σῳ
1020 1933 1175 2017 δένδρῳ
1191 1932 1378 1995 κατεωιεύα-

205 2042 235 2093 15
255 2057 317 2113 σεν,
342 2035 411 2120 πρίν
427 2035 545 2123 ἷξευδῇ,
563 2041 617 2122 τῆς
631 2041 688 2123 σῆς
710 2036 766 2100 οὐκ
785 2035 863 2100 ἐστίν
880 2036 1075 2110 δεσποτείας·
1097 2035 1173 2100 ύδεν
1188 2035 1219 2097 εί
1231 2057 1275 2109 τις
1290 2033 1378 2119 φδσί·

255 2161 314 2214 σας
337 2141 390 2214 τὰς
406 2140 570 2226 εἰρημένας
589 2143 740 2222 μελίσσας
761 2139 795 2202 ὲν
817 2139 903 2213 λδίοις
924 2137 1060 2204 ἀπέδετο
1082 2137 1223 2220 σίμβλοις
1244 2140 1378 2224 γενησε-

254 2265 301 2304 ται
323 2241 475 2330 δεσπότης
497 2243 607 2308 αὐτῶν.
661 2244 717 2308 Καί
744 2245 798 2318 τὰς
823 2242 1021 2329 μελικηρίδας
1047 2244 1083 2307 δὲ
1111 2241 1142 2306 εί
1167 2265 1250 2318 τινας
1280 2243 1376 2324 ύπδῧ)

254 2351 314 2410 τῶν
334 2347 488 2429 μελισσῶν
511 2347 657 2430 γενέσθαι
679 2345 799 2432 συμβῇ,
828 2349 845 2409 ό
870 2346 1064 2428 βουλόμενος
1090 2345 1253 2418 ἐξελέσδαι
1282 2347 1376 2409 δύνα-

254 2474 316 2524 ται,
343 2450 370 2513 εί
398 2452 448 2513 καί
469 2451 546 2512 κατὰ
567 2453 620 2512 τδν
643 2448 716 2532 έμδν
739 2450 836 2531 ἀγρόν
859 2445 947 2510 αὗται
970 2448 1139 2530 γεγόνασιν.
1187 2448 1222 2512 Εἰ
1245 2446 1281 2512 δὲ
1303 2448 1374 2532 πρὶν

203 2559 237 2610 20
254 2550 364 2636 ἕτερος
396 2556 509 2640 ἅφηται
531 2559 592 2616 τῶν
620 2554 835 2640 μελικηρίδων,
870 2551 1102 2639 προδεωρησας
1130 2551 1193 2636 ἐγὼ
1220 2551 1375 2618 ελσελδεῖν
1493 2563 1494 2572 ²

253 2654 344 2719 αύτδν
366 2657 411 2730 είς
432 2662 483 2718 τόν
506 2655 579 2742 ἐμόν
602 2657 698 2742 ἀγρόν
721 2657 892 2720 διεκώλυσα
915 2657 1061 2739 (δύναμαι
1083 2655 1142 2740 γὰρ
1164 2655 1241 2718 κατὰ
1258 2657 1375 2741 νόμους

254 2755 341 2820 τοῦτο
364 2760 489 2841 ποιεῖν),
519 2762 656 2846 λη’φομαι
684 2761 738 2835 τὰς
762 2759 975 2847 μελικηρίδας,
1006 2759 1165 2842 ούδενδς1)
1192 2759 1375 2842 ἐμποδίζον-

254 2881 314 2935 τος.
354 2857 392 2921 ‘0
413 2867 474 2925 τῶν
493 2863 648 2944 μελισσῶν
671 2861 767 2946 ἔσμος
787 2863 842 2925 ἐὰν
872 2863 943 2937 τοδς
969 2862 1045 2936 σοδς
1073 2861 1223 2944 σίμβλους
1252 2861 1375 2924 καταλι-

253 2964 318 3027 πδιν
341 2961 471 3050 ἀποστῇ,
492 2964 586 3053 μέχρι
608 2966 756 3030 τοσούτου
779 2970 834 3052 τῆς
855 2969 913 3051 σῆς
942 2963 1018 3028 εἶναι
1045 2968 1161 3028 νοεῖται
1189 2963 1374 3038 δεσποτείας

204 3071 236 3122 25
255 3064 344 3155 ἄχρις
373 3065 410 3132 ού
440 3072 503 3143 τοῖς
531 3069 641 3151 σοῖςῑθ)
669 3068 886 3133 ύποπέπτωκεν
916 3066 1106 3152 ύφδαλμοῖς,
1133 3067 1183 3128 καί
1209 3068 1228 3152 η
1260 3065 1373 3130 τούτου
1492 3053 1493 3096 ί

257 3171 426 3257 κατάληψις
447 3168 502 3234 ούκ
524 3169 588 3235 ἔστι
610 3172 776 3260 δυσχερής.
816 3171 851 3234 Εἰ
871 3171 932 3254 γὰρ
956 3169 1112 3258 δυσχερής
1132 3167 1216 3232 ἐστιν
1238 3169 1257 3254 η
1280 3169 1374 3230 κατοί-

253 3273 341 3360 ληφις
367 3272 432 3359 ἣ11)
461 3274 513 3358 τὴν
536 3274 592 3360 σὴν
615 3273 742 3358 διέφυγε
765 3271 859 3352 δεοίν,
891 3269 944 3335 τοῦ
974 3271 1266 3357 καταλαμβάνοντος
1295 3269 1373 3350 γίνε-

253 3399 309 3439 ται.
356 3377 405 3441 15.
433 3373 470 3440 ‘H
489 3381 550 3441 τῶν
576 3375 707 3456 ταών11)
736 3378 785 3440 καί
813 3377 832 3462 η
862 3380 922 3439 τῶν
949 3379 1141 3460 περιστερῶν
1172 3375 1263 3459 φύσις
1291 3369 1373 3435 ἐστιν
1386 3383 1426 3434 15.

253 3477 345 3562 ἀγρία
366 3480 416 3541 καί
434 3480 525 3565 μήτις
547 3479 661 3562 λεγέτω
682 3481 728 3541 ότι
751 3477 886 3566 σύνηδες
906 3469 1011 3553 αὐτοῖς
1032 3476 1115 3542 ἐστιν
1138 3473 1373 3562 ἀφίστασδαώῑ)

320 3751 342 3815 1)
358 3748 409 3816 riv.
426 3752 477 3802 τοῦ
493 3767 553 3806 κατ.
571 3750 612 3805 Vi.
630 3749 664 3805 R.
742 3748 825 3816 1)(19.
843 3750 892 3803 Ll.
911 3749 959 3804 L².
977 3749 1027 3803 12⁶.
1045 3750 1096 3804 5⁹.
1173 3751 1197 3818 1)
1217 3748 1242 3803 d.
1261 3749 1310 3804 1²1.
1329 3750 1372 3804 vi.

253 3834 285 3889 R.
409 3835 432 3902 1)
450 3837 576 3887 τοιοῦτον
596 3832 637 3889 vi.
656 3833 688 3889 B.
813 3836 837 3900 1)
854 3835 871 3904 ἢ
890 3835 934 3887 καί
952 3834 995 3888 vi.
1013 3834 1046 3890 R.
1142 3836 1195 3902 11)
1212 3849 1247 3888 ex
1265 3833 1300 3901 ς).
1318 3842 1371 3890 cet.

253 3936 350 3979 -σεις,
453 3920 478 3988 1)
497 3920 593 3980 -έλας
610 3919 655 3974 hic
672 3925 701 3974 et
718 3919 802 3974 deinc.
821 3919 869 3973 1²².
985 3921 1009 3986 ⁸)
1025 3920 1109 3981 -δας
1127 3919 1236 3980 ἅςτινας
1254 3919 1309 3972 δπδ
1327 3918 1371 3973 vi.

254 4005 295 4060 ed.
312 4010 367 4059 ant.
385 4004 416 4059 F.
518 4006 542 4074 ⁹)
557 4005 674 4075 μηδενὸς
690 4005 740 4060 Ll.
758 4005 807 4059 L².
827 4005 859 4060 F.
963 4006 997 4072 ¹⁰)
1016 4004 1057 4061 de.
1075 4006 1114 4061 Μ.
1133 4005 1165 4060 F.
1274 4007 1310 4073 11)
1329 4007 1373 4059 καί
1490 3995 1491 4004 ’

251 4092 269 4161 ἡ
287 4089 391 4144 τούτου
411 4091 502 4144 τατάλ.
521 4091 568 4144 οὐκ
586 4090 646 4144 ἔστι
661 4091 810 4162 δυσχερής,
829 4092 853 4143 ελ
871 4091 901 4143 δὲ
919 4089 961 4145 vi.
979 4090 1013 4144 R.
1158 4091 1194 4159 11)
1212 4091 1255 4146 lta
1272 4090 1312 4146 M.
1331 4091 1373 4145 Pi.

252 4182 303 4232 cet.
321 4177 442 4232 ταώνων.
557 4178 593 4248 l³)
610 4177 777 4245 ἀφίστασθαι
794 4177 844 4233 Ιιθ.
