3078 4882
726 383 958 446 -197-

278 567 339 653 γὰρ
372 566 409 632 οὔ
439 567 500 654 γιήν
528 566 753 634 exheredetoie
781 567 890 654 αότη1)
919 564 1130 656 παρέγετααί)
1178 567 1206 630 εί
1233 565 1269 630 δὲ
1296 569 1406 656 μήτηρ

277 669 316 756 ήν
337 671 357 756 ή
379 668 578 758 διατιθεμένη
602 669 647 756 [ή]
670 671 699 734 oi
724 675 802 734 κατὰ
822 669 947 760 μητέρα
968 667 1137 753 ἀνιόντεςῑ)
1165 668 1240 732 οὐδὲ
1269 668 1407 756 ἐνθυμη-

276 772 370 863 θῆναι
392 775 463 858 περὶ
484 777 540 860 τῆς
560 779 674 838 contre
695 771 823 839 tabulas
845 770 897 858 ήν·
922 772 999 835 κατὰ
1020 772 1081 858 γὰρ
1103 769 1256 857 διαθήκης
1278 767 1407 858 θήλεως

276 875 444 961 πρόσωπον
466 877 564 940 παισίν
586 874 623 938 οίι
646 873 766 939 δίδοται
788 875 807 961 ν)
829 878 942 940 eontra
962 873 1102 939 tabulae.
1146 872 1178 936 ἐν
1202 873 1321 962 ἐσχάτη
1345 875 1405 938 τοί·

241 993 329 1043 ῡνυν
349 976 489 1065 βοηθείᾳ
518 977 676 1066 ἐπενοήθη
707 981 770 1052 τοῖς
798 980 895 1042 παισίν
923 978 977 1064 ήί)
1006 976 1047 1042 δε
1073 974 1250 1042 inofficioso
1277 999 1403 1062 μεμφο-

272 1079 379 1162 γιένοις
412 1083 458 1144 καί
491 1081 633 1163 λέγουσιν
668 1080 783 1156 ἀδίκως
809 1081 976 1162 έαυτοδςί)
1010 1077 1223 1144 exheredem
1255 1078 1403 1161 γενέσθω

273 1182 370 1270 ήγυυν
391 1182 692 1270 ρταείοτίδεαθήναι,
715 1187 805 1248 τοῦτο
829 1181 1065 1272 προϊσχομένους
1088 1185 1123 1246 τὸ
1147 1185 1265 1269 χρῶμα
1287 1184 1333 1257 ὡς
1354 1184 1401 1248 ὅτι

271 1287 420 1373 μεμηνὼς
441 1286 478 1373 ήν
500 1288 518 1350 ό
542 1287 735 1373 τελευτήσας,
758 1286 846 1373 ήνίκα
867 1288 923 1373 τήν
951 1285 1103 1373 διαθήκην
1133 1284 1257 1349 ἐτόπου.
1310 1289 1401 1350 τοῦτο

273 1388 309 1458 δὲ
330 1387 452 1472 λέγεται
475 1390 562 1474 παρὰ
583 1394 646 1454 τῶν
669 1389 787 1454 παίδων
810 1387 867 1478 οὐχ
889 1391 934 1466 ὡς
955 1391 993 1476 τῇ
1015 1387 1148 1475 ἀληθείᾳ
1168 1389 1323 1472 μανέντας
1346 1392 1400 1452 τοῦ

223 1491 255 1542 10
273 1491 522 1576 τελευτήσαντος,
546 1491 615 1554 ἀλλ’
637 1492 684 1556 ότι
705 1491 865 1578 γεγένηται
884 1491 943 1575 μὲν
965 1490 1100 1580 ἰσχυρῶς
1121 1492 1141 1577 ή
1164 1489 1314 1578 διαθήκη,
1342 1491 1400 1580 υδγ

273 1595 319 1670 ὡς
339 1594 461 1658 ἀπαιτεῖ
481 1593 518 1658 δὲ
541 1598 595 1680 τής
616 1594 782 1677 εὐσεβείας
803 1596 821 1662 ό
843 1594 943 1677 λόγος.
967 1594 995 1660 εί
1016 1595 1075 1679 γὰρ
1098 1593 1240 1675 ἐμαίνετο
1266 1597 1307 1681 τῇ
1328 1595 1398 1682 δλη·

271 1695 355 1782 θείᾳ,
378 1697 432 1760 οὐκ
454 1697 588 1783 ήδόνατο
611 1697 822 1762 διατίθεσθαι·
851 1695 870 1784 ή
895 1697 1012 1780 μᾶλλον
1042 1695 1189 1782 ἐρεμήνει
1215 1695 1267 1760 διὰ
1295 1695 1398 1775 τοῦτο,

271 1796 378 1885 ἐπειδή
402 1801 455 1885 τήν
478 1798 569 1882 φύσιν
592 1800 714 1882 ἀλόγως
737 1799 890 1886 έμότησεν.
938 1803 966 1862 1.
1002 1799 1043 1862 Ob
1063 1801 1159 1882 μόνον
1182 1797 1219 1861 δέ
1242 1801 1308 1876 τοῖς
1329 1821 1395 1863 παι-
1416 1805 1436 1852 ¹·

270 1900 316 1963 σίν
338 1900 554 1984 ἐπιτέτραπται
576 1905 630 1987 τῆς
653 1899 713 1964 τῶν
736 1900 853 1984 γονέων
877 1899 1029 1989 διαθήκης
1052 1903 1097 1978 ὡς
1114 1903 1158 1989 μή
1174 1900 1398 1988 προσηκόντως

221 2016 252 2066 15
270 2003 439 2090 γενομένης
461 2008 655 2092 κατηγορεῖν,
678 2005 755 2068 ἀλλὰ
782 2004 842 2087 γὰρ
851 2005 876 2084 ⁶)
904 2006 954 2068 καὶ
979 2003 1118 2085 γονεῦσίν
1147 2002 1212 2067 ἐστι
1238 2005 1396 2090 παρρησία

268 2105 323 2192 τήν
346 2111 408 2170 τῶν
431 2106 548 2171 παίδων
571 2106 749 2189 διαβάλλειν
772 2105 932 2192 διαθήκην.
978 2105 1099 2192 ἀδελφή
1126 2105 1163 2169 δέ
1186 2106 1234 2169 καί
1257 2105 1396 2190 ἀδελφὸς

268 2208 507 2292 ἀνατρέψουαιί)
536 2207 699 2296 τηνικαῦτα
723 2209 776 2294 τήν
803 2213 858 2272 τοῦ
889 2210 1130 2295 τελευτήσαντος
1156 2207 1311 2294 διαθήκην
1332 2214 1395 2272 τῶν

267 2310 417 2395 serIptcen
439 2313 677 2396 προτιμώμενοι,
700 2312 789 2398 ήνίκα
812 2313 938 2400 αἰσχρόν
953 2311 1113 2399 ἐπέχουσιν
1135 2312 1164 2373 οί
1185 2313 1395 2397 γεγραμμένοι

267 2413 443 2498 πρόσωπον,
466 2411 531 2477 οἷον
552 2415 701 2502 ήνίογοιδ)
730 2417 817 2498 ρῖροι
839 2415 962 2500 κυνηγοὶ
983 2415 1032 2476 καὶ
1053 2414 1081 2476 οί
1103 2413 1165 2476 ἀπὸ
1187 2414 1322 2501 αἰσχρᾶς
1348 2439 1392 2499 μι-

214 2522 249 2574 20
267 2515 349 2591 ξεως
370 2515 572 2601 ἐγνωσμένοι·
596 2513 686 2579 τοῦτο
709 2516 769 2600 γὰρ
791 2518 860 2591 ταῖς
881 2516 983 2591 θείαις
1011 2514 1183 2602 περιέχεται
1210 2513 1392 2589 διατάξεων,

265 2615 345 2693 ὥςτε
367 2616 422 2682 οόν
445 2618 585 2694 ἀνιόντες
607 2620 654 2683 καί
675 2617 845 2696 κατιόντες,
869 2618 902 2683 ἐν
926 2617 955 2703 ᾤ
975 2619 1019 2704 μή
1041 2617 1201 2699 γεγόνασιν
1231 2618 1392 2705 ἀχάριστοι

264 2723 335 2803 περί
358 2721 409 2784 τδν
433 2721 674 2808 τελευτήσαντα,
706 2722 814 2805 κατὰῧ)
850 2725 963 2794 παντὸς
996 2719 1118 2802 scriptu
1150 2719 1305 2805 κινήσυυσι
1338 2722 1391 2808 τήν

267 2819 326 2887 »de
347 2821 555 2904 inofficioso«,
579 2824 718 2910 ἀδελφὸς
739 2822 777 2890 δὲ
799 2827 848 2888 καλ
870 2823 992 2910 ἀδελφή
1018 2824 1097 2887 κατὰ
1117 2824 1224 2906 μόνων
1253 2824 1392 2912 αίσγρῶν

265 2926 449 3010 προσώπων,
473 2927 502 2990 οί
524 2926 561 2991 δὲ
583 2929 760 3012 περαιτέρω
784 2931 837 2992 τοῦ
860 2927 1000 3010 ἀδελφοῦ
1031 2926 1050 3013 ἢ
1073 2930 1130 3012 τής
1157 2924 1299 3010 ἀδελφῆς
1322 2949 1391 3007 συγ·

210 3029 245 3081 25
263 3030 362 3108 γενεῖς
382 3025 489 3108 οόδέθ)
514 3029 653 3114 πάροδον
676 3027 796 3117 ἔχουσιν
823 3029 875 3092 ἐπί
901 3030 957 3115 τήν
965 3029 1003 3110 l⁰)
1027 3028 1067 3093 de
1089 3025 1282 3105 inofficioso,
1312 3029 1390 3090 ἀλλὰ

261 3130 311 3191 καὶ
331 3127 509 3215 κινήσαντες
536 3128 772 3218 ἡττηθήσονται.
817 3133 846 3193 2.
880 3129 998 3206 Παῖδες
1026 3129 1063 3193 δέ
1090 3127 1247 3208 κινοῦσι11)
1271 3130 1325 3215 τήν
1347 3128 1388 3193 de
1405 3125 1430 3175 ²·
1529 3155 1530 3160 ¹

260 3229 436 3296 inofficioso
459 3235 549 3295 τοῦτο
570 3233 628 3318 μὲν
651 3234 772 3317 φυσικοί
802 3229 891 3296 τοῦτο
921 3229 958 3296 δὲ
966 3230 1003 3313 ¹²)
1031 3230 1118 3296 θετολ
1146 3230 1224 3293 κατὰ
1244 3230 1284 3294 τὰ
1306 3231 1389 3316 είρη·

328 3402 350 3469 ¹)
371 3405 452 3469 -τῆς
469 3401 508 3455 Μ.
629 3401 652 3469 1)
672 3402 798 3472 -ιίχετο
816 3400 856 3453 vi.
876 3400 911 3456 R.
1031 3400 1054 3468 1)
1073 3400 1112 3454 ite
1129 3399 1167 3453 M.
1186 3399 1294 3469 omfn’
1314 3400 1386 3470 quod

260 3485 393 3555 suppleui.
426 3485 463 3538 ὀί
481 3505 503 3540 κ,
521 3505 549 3552 μ.
568 3485 717 3546 κατίοντες’
737 3487 787 3542 Ll.
806 3486 837 3542 F.
855 3489 914 3546 τοῖς
931 3507 953 3540 κ.
971 3508 998 3552 μ,
1017 3488 1153 3539 κατιοῦσιν
1172 3483 1222 3539 Ιιθ.
1240 3483 1283 3538 vi.
1301 3483 1334 3538 R

258 3571 282 3634 ⁴)
299 3569 390 3624 addidi
409 3587 443 3625 ex
460 3571 498 3624 M.
516 3572 564 3626 Ll.
583 3572 645 3626 111⁸.
816 3575 838 3638 11)
857 3573 917 3628 αὐτ.
936 3570 978 3625 Vi.
996 3571 1029 3626 R
1203 3571 1227 3637 ⁶)
1244 3568 1271 3623 d.
1289 3568 1332 3624 vi.
1349 3568 1383 3623 R

258 3656 281 3720 1)
300 3673 411 3709 οπουσι
431 3657 471 3710 vi.
490 3656 522 3711 R.
630 3658 653 3725 11)
671 3659 715 3710 καί
731 3658 769 3713 Μ.
890 3658 913 3723 ⁹)
932 3657 1059 3721 οὐδεμίαν
1080 3655 1121 3711 vi.
1138 3656 1171 3710 R
1292 3655 1382 3724 10)τή

257 3740 300 3794 vi.
370 3743 406 3808 11)
423 3742 563 3812 κινήσουσι
580 3744 628 3796 hl.
648 3743 709 3799 11¹⁸.
728 3744 776 3797 M.
880 3743 916 3809 11)
932 3743 975 3795 καί
992 3741 1034 3797 ed.
1052 3739 1095 3796 Vi.
1114 3739 1145 3795 R.

256 3911 284 3978 11)
295 3909 334 3964 Cf·
340 3908 399 3964 11⁰¹
410 3914 617 3982 syreromene§
625 3912 725 3980 e(ed.f.
731 3912 788 3969 eod.
797 3913 879 3981 lond.)
888 3913 934 3968 ubi
944 3915 992 3968 int.
998 3816 1108 4007 turp(
1133 3821 1382 4028 ήμβ-,Ὢή

254 4102 383 4157 personae
400 4097 575 4146 recensentur
592 4093 663 4146 inter
679 4093 746 4148 alios
767 4067 826 4182 12
833 4069 908 4166 ὠ
917 4101 956 4158 a
966 4116 994 4167 ο
1007 4145 1014 4156 ,
1025 4145 1032 4158 ,
1046 4087 1112 4219 μ
1117 4102 1270 4178 9530.

278 4271 530 4448 ,μήτε
571 4271 891 4452 {ewam
940 4301 1135 4448 ἰὼ),
1178 4313 1364 4448 ηρ»
