3078 4882
596 405 831 475 -169-

110 613 135 663 4.
154 593 220 670 fiat,
242 603 334 662 antea
359 594 474 661 factum
497 602 719 662 testamentum
740 613 834 662 suum
857 603 965 662 ratum
980 601 1130 694 remanet
1153 598 1184 660 4.
1200 585 1277 662 Osa

150 731 206 779 cus
229 721 334 781 autam
358 715 469 780 testari
497 721 602 798 potest
630 733 762 780 seruans
792 733 873 798 quae
906 719 999 780 cauta
1026 721 1100 780 suut
1128 715 1277 781 constitu·

106 847 131 896 5.
150 834 236 899 tione
259 834 352 898 diuae
375 833 543 899 memoriae
565 832 687 900 Iustini.
735 836 765 898 5.
798 834 859 913 Qui
891 834 975 916 apud
1003 834 1109 900 hostes
1138 839 1188 899 est
1215 852 1276 926 uon

148 958 237 1042 reete
266 950 348 1033 apud
377 952 501 1017 eosdem
530 952 605 1018 facit
632 958 872 1031 testamentum,
904 953 1050 1035 quemuis
1076 952 1109 1016 in
1137 939 1278 1018 nostram

147 1071 311 1154 ciuitatem
334 1071 453 1137 redeat.
491 1077 711 1138 testamentum
734 1081 843 1138 autem
865 1073 948 1155 quod
974 1071 1058 1153 apud
1079 1088 1138 1136 nos
1159 1069 1276 1146 feeerit,
1310 1073 1329 1122 ὅ

147 1191 255 1262 ualere
282 1189 416 1256 dicimus
443 1189 538 1257 etiam
568 1191 596 1256 si
622 1197 732 1271 postea
758 1192 799 1257 ab
827 1191 976 1258 hostibus,
1004 1189 1155 1271 capiatur.
1199 1207 1274 1254 nam

146 1311 218 1375 siue
239 1309 376 1388 redierit,
399 1310 470 1376 iure
496 1309 677 1393 postliminii
706 1308 927 1384 confirmatur,
957 1309 1026 1375 siue
1054 1309 1139 1391 apud
1169 1308 1277 1372 hostes

147 1429 328 1508 decesserit,
351 1402 479 1511 exlege
502 1428 647 1510 ¹Cornelia
668 1427 796 1510 uulebit

340 2141 393 2208 De
416 2141 656 2206 exheredatione
676 2139 855 2206 liberorum.
898 2139 1021 2204 Titulus
1046 2139 1094 2201 13.

237 2325 389 2408 Superius
411 2325 644 2407 proposuimus
666 2324 821 2406 quomodo
843 2329 1033 2394 testamenta
1052 2321 1121 2387 fieri
1135 2323 1271 2389 debeant

147 2427 248 2512 ueluti
278 2451 314 2509 ut
342 2450 479 2511 testator
505 2461 599 2508 manu
627 2443 754 2525 propria
782 2441 906 2509 heredis
935 2460 1045 2508 nomen
1075 2441 1193 2507 scribat
1219 2442 1269 2530 uei
1293 2455 1325 2505 10

148 2582 256 2630 coram
278 2563 414 2628 testibus
437 2564 634 2644 pronuntiet3
669 2567 849 2642 septemque
877 2561 942 2626 sint
969 2566 1066 2626 testes
1092 2560 1145 2643 qui
1175 2567 1271 2627 testa·

149 2680 255 2748 mento
277 2681 481 2747 subscribant
501 2680 595 2762 idque
622 2680 761 2762 signent,
792 2679 877 2744 nulla
904 2697 938 2746 re
967 2679 997 2744 in
1024 2679 1126 2745 medio
1154 2686 1271 2745 secuta

148 2818 281 2880 quorum
313 2801 340 2865 si
368 2799 419 2864 uel
449 2816 545 2864 unum
586 2800 854 2880 praetermittatur
886 2789 1106 2866 testamentum
1142 2799 1271 2864 inritum

149 2926 207 2990 est
251 2937 311 2984 nee
333 2925 457 2984 tantum
484 2917 525 2982 ad
554 2918 693 2983 ualidum
721 2919 913 2984 condendum
941 2924 1162 2985 testamentum
1190 2918 1272 2984 eius-

149 3037 242 3104 modi.
256 3038 437 3102 ebseruatio
460 3035 586 3115 sufficit,
608 3045 657 3103 set
679 3037 763 3102 aliud
785 3055 908 3119 quoque
934 3038 1132 3119 requirimus.
1176 3037 1269 3118 dispi·
1292 3053 1324 3104 rs

149 3157 293 3256 cientium
316 3155 398 3222 euim
425 3161 475 3220 est
488 3175 527 3222 an
551 3154 647 3220 filium
669 3155 701 3219 in
725 3161 879 3245 potestate
889 3155 1010 3222 ¹habeat
1024 3162 1166 3223 testator.
1189 3154 1271 3217 hune
