3078 4882
590 434 824 498 -162-

146 613 254 680 luntas
276 623 431 682 seruetur.
476 618 605 684 militiae
628 619 709 685 enim
736 638 862 700 operam
889 620 1000 688 dantes
1030 622 1141 688 merito
1170 624 1269 687 omnis

144 733 227 800 iuris
256 735 439 817 suptilitatis
469 738 720 805 obseruationem
755 741 910 822 ignorant.
962 747 1012 806 set
1038 740 1111 807 olim
1144 740 1268 824 quidem

145 852 336 936 ubicumque
358 851 517 939 degerent,
540 862 686 938 poterant
715 859 783 924 iure
810 859 937 925 militari
955 865 1179 926 testamentum
1200 877 1271 942 per·

144 951 257 1053 ficere3
279 974 461 1041 constitutio
483 983 588 1042 autem
610 977 758 1059 principis
780 977 879 1044 nostri
901 983 968 1043 tum
994 951 1120 1043 demum
1146 978 1209 1044 illis
1236 979 1268 1043 id

143 1096 250 1160 facere
273 1095 434 1169 concessit,
457 1114 527 1161 cum
548 1097 581 1161 iu
604 1097 718 1162 eastris
739 1095 792 1163 uel
813 1097 847 1162 in
869 1097 1121 1179 expeditionibus
1136 1098 1200 1163 sint
1221 1118 1268 1165 oo·
1304 1099 1323 1151 t

145 1214 266 1294 cupati.
312 1230 437 1296 quoquo
461 1214 543 1280 enim
567 1215 659 1282 modo
681 1235 789 1284 eornm
811 1218 958 1284 uoluntas
979 1217 1048 1283 sine
1063 1219 1187 1298 seriptis
1201 1217 1270 1283 siue

141 1334 214 1398 siue
236 1333 392 1415 scriptura
413 1335 455 1400 sit
477 1354 633 1416 expressa,
656 1336 797 1419 uigorem
820 1338 945 1406 habeat.
981 1337 1044 1403 illis
1066 1343 1171 1404 autem
1193 1341 1270 1404 tem·

146 1453 289 1534 poribus,
313 1471 369 1534 per
390 1471 471 1533 quae
494 1455 525 1518 in
547 1455 616 1521 aliis
639 1453 714 1522 locis
737 1456 788 1521 nel
810 1457 843 1522 in
864 1456 948 1534 suis,
970 1473 1049 1537 quas
1072 1461 1199 1535 uncant,
1222 1473 1268 1522 se·

107 1613 109 1618 ,
147 1570 247 1635 dibus
275 1570 406 1652 degant,
435 1571 624 1639 militaribus
650 1573 822 1657 priuilcgiis
851 1576 882 1640 iu
916 1575 1062 1641 testando
1091 1574 1269 1641 nullomodo

144 1689 303 1755 fruentur.
348 1692 429 1756 etsi
451 1690 642 1758 filiifamilias
669 1692 734 1758 sint
760 1691 857 1759 libere
879 1712 1008 1776 prorsus
1037 1694 1152 1777 ubique
1175 1699 1269 1770 testa·
1289 1701 1322 1753 10

144 1809 280 1890 buntur,
317 1810 394 1875 iuris
423 1809 542 1876 seilicet
568 1812 789 1877 obseruatione
815 1811 955 1878 adhibita
987 1811 1015 1876 si
1050 1817 1138 1877 extra
1166 1819 1269 1878 eastra

103 1941 125 1991 ι.
145 1929 274 2010 degant.
312 1931 337 1992 1.
372 1929 445 1994 Non
468 1933 528 1995 erit
549 1929 721 1996 absurdum
743 1949 781 1996 ea
803 1947 927 2014 quoque
949 1931 1010 1996 huo
1033 1931 1269 2012 animaequae

146 2067 166 2114 a
198 2048 334 2114 Traiano
363 2049 402 2114 de
432 2048 560 2114 militari
588 2055 776 2116 testamento
806 2056 928 2116 statute
955 2058 1029 2116 sunt
1054 2050 1088 2115 iu
1116 2050 1270 2116 eiusmodi

144 2186 234 2236 casu.
279 2167 405 2249 qnidam
428 2167 515 2234 miles
537 2186 608 2234 cum
629 2167 752 2251 aliquos
774 2174 978 2236 conuocasset
1000 2168 1081 2234 dixit
1102 2185 1207 2234 coram
1230 2169 1269 2233 iis

146 2287 237 2352 illum
266 2286 326 2352 sibi
348 2286 494 2352 heredem
524 2305 594 2352 esse
622 2286 719 2365 uelle,
750 2285 899 2370 illumque
925 2305 1052 2352 seruum
1081 2287 1267 2352 manumitti.
1289 2301 1320 2351 15

144 2407 226 2472 haec
250 2407 316 2471 sine
339 2408 463 2489 scriptis
485 2406 673 2472 factasunt.
709 2412 780 2488 post
802 2403 878 2473 uero
900 2408 968 2472 eius
989 2410 1121 2472 mortem
1145 2412 1269 2471 contro·

144 2527 255 2592 uersia
276 2532 346 2590 orta
369 2531 417 2590 est
438 2526 521 2589 inter
543 2543 606 2604 eos,
629 2524 684 2606 qni
710 2526 751 2591 ab
780 2525 929 2591 intestato
957 2525 1138 2603 ueniebant,
1168 2523 1267 2589 illum·

142 2663 219 2726 que,
244 2645 298 2726 qui
320 2644 411 2710 heres
434 2651 483 2710 est
504 2651 713 2728 nuncupatus.
737 2645 843 2728 etqui
866 2645 1035 2710 ueniebant
1056 2644 1096 2710 ab
1119 2645 1267 2710 intestato

145 2766 314 2850 negabant.
328 2783 409 2845 quae
430 2782 450 2829 a
471 2765 617 2832 defuneto
646 2765 731 2830 dicta
752 2770 872 2843 essent,
900 2763 1003 2830 animo
1033 2762 1170 2830 testandi
1199 2779 1268 2828 esse

143 2887 250 2966 dieta;
273 2888 362 2952 heres
386 2895 491 2954 autem
518 2889 650 2953 militum
677 2886 877 2970 priuilegium
906 2885 1153 2969 praeseferebat,
1181 2886 1268 2951 iuxta
1285 2902 1321 2954 uo

140 3007 232 3087 quod·
260 3011 481 3072 testamentum
511 3013 614 3072 ratum
641 3013 724 3072 esset
752 3006 939 3072 habendum.
990 3005 1135 3072 Statilius
1163 3011 1267 3070 autem

145 3123 287 3192 Seuerus
320 3126 472 3192 eiusmodi
506 3127 751 3194 controuersiam
785 3145 854 3193 cum
888 3125 1048 3204 audisset,
1088 3125 1127 3190 ad
1159 3122 1266 3187 diuum

142 3246 315 3311 Traianum
338 3246 477 3326 rettulit,
501 3247 555 3329 qui
584 3247 661 3314 haee
690 3247 864 3330 rescripsit:
895 3246 1030 3312 militare
1057 3245 1270 3328 priuilegium,

142 3384 182 3430 ex
205 3383 268 3444 quo
290 3365 424 3432 militum
453 3372 643 3432 testamenta
668 3367 957 3462 quomodocumque
985 3364 1068 3431 faeta
1096 3367 1167 3429 rata
1194 3363 1267 3441 sint,

143 3484 190 3551 sio
213 3484 354 3566 intellegi
376 3487 478 3562 debet,
502 3493 538 3550 ut
560 3487 668 3566 utique
690 3488 776 3568 prius
800 3491 945 3552 constare
968 3485 1080 3550 debeat
1099 3487 1267 3550 testamen·
1284 3487 1319 3539 25

144 3611 214 3669 tum
237 3603 352 3670 iactum
376 3624 454 3683 esse,
477 3606 544 3671 siue
566 3605 599 3670 in
622 3607 748 3686 scriptis
774 3607 842 3670 siue
863 3605 931 3671 sine
953 3605 1118 3686 scriptura.
1142 3603 1169 3668 is
1192 3621 1267 3684 ergo

146 3723 238 3790 miles
261 3724 443 3803 defunctus,
468 3726 506 3791 de
529 3726 618 3790 cuins
645 3724 735 3790 bonis
762 3724 940 3806 quaeritur,
969 3722 997 3788 si
1024 3723 1203 3789 conuocatis
1225 3721 1267 3786 ad
