3058 4890
585 399 817 462 -223-

144 606 226 670 quae
249 588 353 653 omnia
374 587 482 654 eadem
505 586 695 666 constitutio,
718 588 745 651 si
768 587 839 670 quis
860 588 954 670 legat,
976 589 1139 656 euidenter
1160 592 1263 654 ostan-

147 707 202 773 dit.
246 713 332 774 tutor
354 726 430 774 uero
451 709 590 773 incertus
613 708 681 774 dari
702 726 803 790 neque
825 726 864 772 ax
882 707 1025 790 praelata
1040 707 1263 776 constitutione

146 833 267 911 potest3
289 828 383 894 debet
404 828 486 892 anim
508 835 612 894 certus
641 845 724 908 esse,
754 846 824 893 cum
852 833 995 910 oporteat
1024 833 1206 895 testatorem
1228 828 1264 895 li·

146 947 230 1014 baris
259 947 325 1012 suis
352 952 488 1013 tutorem
516 953 602 1013 certo
628 945 744 1012 iudicio
773 947 858 1011 dare.
909 946 1026 1012 inutilis
1055 946 1155 1028 igitur
1177 947 1263 1013 datio

147 1068 216 1146 erit,
239 1066 268 1132 si
289 1072 422 1134 testator
436 1065 564 1132 dixerit:
587 1067 649 1149 qui
671 1068 832 1151 primurn
854 1069 898 1132 ad
921 1085 1041 1131 meum
1064 1065 1181 1133 funus
1203 1087 1264 1134 ue·
1297 1065 1314 1116 ⁵

93 1186 257 1252 asnerit
285 1185 507 1253 liberorum
536 1205 700 1253 meorum
727 1193 840 1254 tutor
869 1192 961 1254 esto.
1011 1187 1063 1251 28.
1095 1187 1263 1254 Postumus

146 1305 267 1373 alienum
289 1307 380 1374 heres
403 1308 498 1373 scribi
519 1312 551 1372 et
573 1306 645 1372 olim
673 1313 813 1389 potarat,
848 1313 880 1373 et
913 1325 996 1373 nuno
1027 1305 1136 1387 procul
1167 1306 1263 1373 dubio

147 1427 309 1506 scribitur,
331 1426 393 1492 nisi
413 1426 494 1492 forte
521 1427 552 1492 in
582 1428 649 1493 eius
672 1427 810 1492 mulieris
832 1433 923 1492 utero
945 1425 997 1504 sit,
1019 1442 1113 1508 quam
1135 1444 1264 1491 uxorem

95 1545 263 1611 tahabera
284 1546 354 1610 iure
374 1563 435 1611 non
458 1545 660 1625 permittitur.
705 1546 756 1609 29.
789 1547 838 1611 Ad
866 1564 1015 1628 personas
1044 1544 1264 1628 significandas

147 1665 321 1745 complures
342 1663 566 1746 appellationes
589 1667 712 1730 ueteres
734 1664 1002 1746 excogitauerunt.
1024 1666 1074 1729 est
1095 1664 1176 1730 enim
1199 1683 1264 1728 no·
1284 1669 1316 1720 1⁰

147 1804 247 1863 men,
269 1783 367 1850 ueluti
394 1784 549 1850 »Titiusu
577 1803 802 1866 cognomen,
837 1783 921 1867 quod
950 1783 1190 1864 uituperationis
1213 1783 1264 1849 uel

147 1904 249 1969 laudis
272 1903 375 1986 gratia
404 1903 561 1980 tribuitur,
588 1904 827 1985 uituperationis
854 1904 957 1986 gratia
1000 1901 1100 1970 ueluti
1132 1899 1264 1986 »Super-

147 2024 242 2105 bus‹;
264 2023 366 2089 laudis
388 2025 488 2089 ueluti
514 2021 636 2090 »Pius«.
682 2029 731 2088 est
752 2040 875 2106 quoque
902 2040 1152 2106 praenomen,
1180 2022 1263 2104 qnod

147 2163 166 2208 a
189 2145 359 2210 maioribus
381 2142 432 2209 uel
454 2162 474 2208 a
495 2142 745 2209 benefactoribus
767 2141 915 2222 sumitur3
938 2162 959 2207 a
980 2143 1149 2209 maioribus
1165 2141 1265 2208 ueluti

147 2263 266 2346 siquis
291 2262 497 2329 ›Aeaciden‹
523 2261 672 2330 Achillem
700 2269 808 2342 uocet;
835 2278 855 2327 a
876 2260 1144 2333 benefactoribus,
1171 2260 1264 2327 sicuti
1284 2271 1315 2322 15

146 2383 377 2465 prouinciarum
400 2389 555 2448 rectorum
578 2400 644 2448 mos
666 2387 723 2458 est,
746 2381 801 2462 qui
823 2399 880 2446 suo
903 2380 1020 2446 nomini
1041 2379 1118 2445 illud
1140 2396 1264 2460 quoqne

146 2519 254 2568 eorum
276 2500 478 2582 praemittere
500 2500 611 2575 solent,
632 2519 689 2581 per
711 2518 789 2583 quos
811 2500 910 2564 creati
932 2505 1014 2580 sunt,
1038 2498 1137 2565 ueluti
1159 2501 1265 2566 »Stra-
1368 2491 1371 2498 ’

146 2621 283 2702 tegium
309 2621 376 2687 siue
401 2619 688 2698 ›Constantinum‹
735 2618 769 2684 si
791 2618 888 2700 igitur
915 2618 985 2701 quis
1006 2617 1145 2700 legatum
1175 2619 1265 2685 relin-

146 2758 245 2823 quens
266 2739 298 2804 in
321 2739 444 2805 nomine
465 2739 608 2821 legatarii
630 2739 784 2804 errauerit
806 2742 931 2805 etcum
956 2739 1135 2804 ›Titium‹
1161 2739 1264 2806 dicere

147 2865 323 2940 oporteret,
352 2859 464 2925 dixerit
493 2856 670 2937 »Seium«,
694 2859 745 2924 uel
766 2857 799 2923 in
822 2858 944 2924 nomina
966 2859 1136 2937 errauerit,
1159 2857 1211 2924 uel
1232 2859 1264 2925 in
1282 2866 1317 2918 ao

151 2979 342 3062 cognomine,
365 2981 463 3047 ueluti
485 2999 542 3063 pro
567 2978 790 3062 »Superbo«
816 2979 929 3045 dixerit
954 2978 1124 3056 »Pium«,
1152 2978 1204 3043 uel
1232 2977 1265 3042 in

146 3101 357 3181 praenomina,
380 3104 413 3166 et
434 3119 491 3182 pro
517 3099 755 3181 ›strategio‹
784 3099 995 3165 ›Primum‹
1021 3099 1149 3177 dixerit,
1172 3115 1265 3178 quae·

147 3221 229 3284 ritur
257 3238 297 3284 an
319 3219 455 3302 legatum
484 3218 592 3285 inutile
619 3221 669 3284 sit.
714 3226 746 3283 et
773 3219 873 3301 magis
896 3225 944 3284 est
970 3225 1005 3283 ut
1027 3219 1055 3282 si
1084 3222 1206 3283 constet
1228 3219 1267 3282 da

148 3356 210 3419 qno
238 3343 371 3403 testator
396 3340 598 3420 cogitauerit,
628 3338 827 3404 nihilominus
855 3337 990 3420 legatum
1021 3335 1134 3402 ualeat.
1184 3335 1266 3399 idem

148 3454 243 3521 etiam
266 3456 297 3520 in
320 3457 488 3523 heredibus
510 3457 706 3524 obseruator.
743 3458 771 3524 si
793 3457 874 3522 anim
897 3456 1032 3539 aliquem
1053 3456 1198 3522 heredem
1220 3454 1266 3519 in·
1283 3470 1317 3522 25

148 3575 283 3642 stitnens
305 3577 336 3643 in
359 3576 463 3663 aliquo
486 3596 704 3662 eorumquae
727 3578 954 3670 proposuimus,
985 3575 1173 3654 emanarim,
1204 3593 1266 3640 non
