3096 4890
629 454 818 518 ..5-

255 637 370 702 dentur
397 637 488 706 utilia
517 641 599 705 tradi
627 660 719 723 posse
747 661 785 708 ea
814 659 905 707 nosse
935 641 1150 720 studentibus,
1183 641 1211 706 si
1244 643 1283 706 ab

255 757 344 825 initio
379 759 499 826 leuiore
532 768 628 845 atque
660 763 848 845 simpliciore
881 763 992 830 deinde
1020 762 1218 844 diligentiore
1253 770 1285 826 et

255 878 421 961 suptiliore
444 880 705 961 interpretatione
728 881 853 964 singula
868 883 1042 948 traduntur.
1077 901 1149 948 nanr
1173 883 1199 947 si
1221 889 1284 946 sta·

256 999 312 1062 tim
341 997 372 1062 in
401 999 526 1064 exordio
554 1001 664 1066 rudem
694 1001 797 1066 adhue
826 1008 857 1066 et
886 1001 1113 1068 inconstantem
1144 1000 1281 1065 animum

257 1117 325 1182 eius
346 1095 401 1196 qui
422 1117 543 1183 iuribus
570 1118 678 1184 studet
704 1120 904 1185 multitudine
933 1138 969 1186 aa
997 1117 1153 1184 uarietate
1179 1119 1282 1201 legum
1318 1121 1334 1170 ὅ

258 1237 493 1302 ouerauerimus
517 1257 608 1308 cetera
627 1252 819 1307 desiderantur.

289 2083 337 2148 De
359 2084 427 2149 iure
449 2085 587 2151 naturali
609 2086 750 2169 gentium
774 2094 806 2152 et
828 2087 924 2152 ciuili.
971 2085 1094 2152 Titulus
1117 2088 1146 2150 2.

245 2251 298 2318 Ius
320 2253 465 2319 naturale
487 2256 640 2335 estquod
663 2257 703 2321 ad
726 2257 830 2320 omnia
852 2258 1013 2335 animalia,
1037 2275 1118 2340 quae
1146 2257 1177 2322 in
1201 2262 1285 2323 terra

159 2375 190 2438 in
214 2391 297 2453 aqua
319 2376 350 2438 in
371 2374 457 2440 coelo
480 2381 563 2454 sunt,
586 2375 774 2440 extenditur.
798 2395 859 2441 non
876 2377 957 2441 enirn
973 2377 1012 2440 ad
1030 2375 1169 2442 homines
1184 2395 1284 2459 usque

160 2495 377 2559 tantummodo
392 2493 455 2560 uim
472 2513 559 2558 suam
577 2501 690 2560 natura
705 2495 869 2573 coartauit,
893 2503 941 2561 set
954 2513 1035 2576 quae
1051 2498 1081 2561 in
1104 2497 1190 2561 coelo
1212 2502 1286 2559 sunt
1305 2478 1337 2528 ¹⁰

159 2615 328 2693 ordinauit,
344 2614 472 2695 quaein
489 2620 575 2681 terra
591 2616 755 2697 disposuit,
772 2634 828 2680 nec
851 2633 931 2698 quae
953 2615 985 2680 in
1008 2633 1091 2694 aqua
1113 2616 1285 2696 gignuntur

161 2753 219 2800 sua
240 2734 439 2815 prouidentia
461 2735 600 2823 expertia
622 2734 758 2816 reliquit.
803 2735 870 2800 eius
899 2741 1004 2799 autem
1033 2734 1184 2800 naturalis
1206 2733 1284 2798 iuris

161 2854 301 2937 exempla
322 2862 397 2919 sunt
419 2857 514 2920 maris
536 2853 733 2934 feminaeque
755 2853 947 2934 coniugatio,
971 2873 1064 2936 quam
1094 2873 1164 2919 nos⁴
1179 2857 1285 2918 matri-

161 2976 297 3040 monium
320 2975 522 3056 appellamus,
545 2981 754 3055 natorumque
776 2972 921 3038 educatio
944 2980 977 3038 et
1005 2991 1092 3040 nure.
1140 2972 1284 3038 uidemus

160 3095 240 3160 enim
264 3112 324 3157 non
347 3093 487 3159 homines
510 3099 643 3170 tantum,
666 3095 715 3158 set
738 3099 843 3158 uetera
865 3111 989 3176 quoque
1016 3091 1165 3158 animalia
1192 3095 1282 3158 istius
1305 3077 1334 3126 ¹⁵

159 3215 235 3278 iuris
258 3215 461 3279 obseruantia
483 3213 614 3279 censeri.
658 3233 729 3279 eum
752 3215 834 3279 enim
856 3221 971 3279 natura
992 3214 1117 3294 singula
1139 3215 1284 3280 animalia

158 3333 253 3397 morti
275 3332 442 3414 absumpta
464 3334 597 3412 uideret,
620 3352 678 3414 per
699 3336 825 3414 nuptias
847 3335 1080 3417 liberorumque
1095 3336 1282 3417 procreatio·

158 3471 228 3517 nem
260 3462 357 3539 atque
386 3473 460 3536 erga
488 3461 578 3520 natos
603 3474 740 3520 umorem
763 3461 795 3520 et
821 3474 927 3520 euram
950 3453 1216 3546 immortalitatem
1239 3456 1282 3536 ip-

117 3593 140 3643 1.
159 3575 202 3640 sis
217 3576 419 3657 comparauit
459 3579 486 3641 l.
511 3577 651 3642 Diximus
673 3577 704 3642 in
721 3575 935 3658 superioribus
959 3576 1028 3640 iura
1051 3583 1106 3638 aut
1129 3576 1283 3640 naturalia

159 3711 228 3760 esse
250 3702 306 3760 aut
327 3697 466 3778 gentium
489 3703 544 3762 aut
567 3697 680 3762 ciuilia.
704 3716 773 3762 cum
795 3698 874 3762 iuris
896 3697 1048 3762 naturalis
1072 3694 1282 3762 definitionem
1302 3687 1336 3738 2⁰
