3096 4890
631 398 845 463 ..15-

174 577 408 644 sciebantcnim
420 580 637 662 magistratum
648 580 792 659 pluribus
803 585 1032 670 suspicionibus
1044 605 1114 655 esse
1125 587 1304 664 obnoxium,

175 719 216 765 ne
232 698 406 766 amicorum
421 702 541 769 scilicet
555 706 726 771 commodis
740 707 916 774 inseruiens
931 713 988 774 aut
1002 727 1131 775 munera
1146 709 1302 792 accipiens

175 824 234 886 ant
255 821 328 887 odio
351 822 522 890 decernens
543 825 696 906 quaedem
726 828 916 909 pronuntiet.
948 825 1093 910 princeps
1120 833 1225 894 autem
1253 827 1302 895 his

175 939 408 1024 suspicionibus
430 944 574 1026 superior
596 952 654 1011 est.
698 966 760 1012 non
782 948 864 1014 enim
893 965 971 1013 auro
998 945 1224 1030 corrumpitur,
1251 955 1301 1014 ut·

175 1065 250 1142 pote
271 1061 326 1143 qui
349 1081 411 1129 non
433 1069 554 1130 tantum
577 1064 826 1132 substantiarum
847 1074 1042 1146 nostrarum,
1064 1073 1115 1134 set
1135 1085 1300 1150 corporum
1335 1066 1353 1118 δ

174 1198 302 1262 quoque
333 1189 512 1250 nostrorum
549 1184 693 1251 dominus
729 1187 793 1266 sit;
829 1205 931 1270 neque
963 1192 1092 1269 propter
1132 1186 1301 1254 amicitiam

173 1305 293 1372 iustum
315 1303 556 1385 transgreditur,
578 1310 689 1386 utpote
710 1307 765 1386 qui
787 1304 920 1388 diligens
935 1305 997 1372 alio
1012 1306 1104 1373 modo
1118 1306 1301 1375 benefacere

173 1424 284 1508 possit,
306 1440 369 1504 quo
391 1422 490 1504 magis
517 1423 683 1504 clarescat;
712 1443 813 1508 neque
842 1433 972 1508 propter
999 1424 1208 1505 inimicitiam,
1239 1443 1300 1492 nou

173 1544 258 1610 enim
280 1543 436 1626 quendam
458 1543 656 1610 subditorum
678 1561 807 1611 suorum
829 1544 900 1611 odio
922 1544 1066 1628 princeps
1088 1545 1193 1611 habet.
1226 1562 1299 1611 nom

171 1665 201 1729 si
223 1663 295 1747 quis
317 1664 527 1743 inueniretur,
550 1665 683 1730 mortuis
709 1665 983 1732 connumerandus
1013 1671 1106 1732 esset
1150 1666 1220 1731 iura
1241 1665 1352 1730 ita-1⁰

171 1802 236 1866 que
257 1802 315 1866 per
336 1783 474 1852 edictum
500 1785 592 1850 modo
620 1785 754 1852 condere
783 1785 1020 1866 magistratibus
1047 1787 1243 1854 conceditur:
1265 1785 1299 1853 id

172 1904 259 1970 enim
273 1911 347 1970 ante
369 1923 420 1972 res
442 1905 528 1988 ipsas
549 1905 652 1973 fertur
672 1911 769 1988 etque
789 1905 874 1970 omni
897 1912 984 1972 caret
1006 1906 1190 1989 suspicione.
1213 1925 1302 1988 prae·

172 2024 264 2106 cipue
275 2044 353 2091 uero
363 2025 486 2092 edicere
498 2033 719 2093 concesserunt
729 2027 866 2108 praetori
879 2027 999 2092 urbano
1010 2032 1043 2092 et
1056 2027 1195 2109 praetori
1209 2043 1296 2107 perc·

171 2143 265 2226 grino
287 2143 503 2225 sedilibusque
525 2144 697 2211 curulibus.
719 2153 847 2228 praetor
869 2151 976 2210 autem
998 2146 1137 2213 urbanus
1152 2146 1225 2212 inde
1246 2163 1299 2211 su·

172 2265 231 2330 mit
245 2263 498 2348 appellationem
513 2273 640 2350 praetor
650 2284 670 2330 a
681 2284 877 2347 praeesse,
891 2265 923 2331 id
936 2272 985 2331 est
999 2266 1118 2331 anteire
1133 2271 1229 2348 atque
1242 2265 1299 2332 im·
1318 2270 1350 2322 15

171 2404 295 2467 perere,
318 2385 459 2452 urbanus
479 2392 586 2452 sutem
608 2387 684 2472 quia
706 2386 806 2453 Roma
829 2386 902 2449 κατ’
926 2385 1037 2474 ἐξοχὴν
1060 2385 1136 2452 urbs
1152 2389 1297 2451 uocatur:

171 2505 297 2572 ciuibus
319 2506 402 2573 enim
423 2506 561 2572 romanis
583 2507 634 2571 ius
655 2507 788 2574 dicebat.
813 2506 893 2572 alter
915 2524 993 2573 uero
1012 2505 1186 2572 uocabatur
1207 2521 1298 2587 prae·

171 2631 224 2691 tor
235 2626 360 2707 quidem
372 2646 392 2693 a
402 2643 600 2711 praeesse,
613 2625 797 2708 peregrinus
808 2631 914 2690 autem
925 2642 995 2690 cum
1010 2624 1183 2707 peregrinis
1198 2626 1231 2688 et
1243 2622 1297 2688 ed·

172 2744 263 2812 uenis
284 2745 336 2812 ins
362 2747 491 2813 diceret.
541 2746 705 2812 innumera
726 2745 807 2810 enirn
835 2762 906 2810 cum
934 2750 1018 2810 esset
1044 2743 1213 2810 multitudo
1234 2763 1297 2811 non

171 2869 298 2946 poterat
319 2867 458 2931 omnium
479 2864 710 2932 controuersias
729 2869 856 2946 praetor
871 2864 1010 2928 urbanus
1025 2864 1150 2943 audire3
1171 2871 1296 2931 creatus
1313 2874 1348 2926 ao

123 3002 152 3053 s.
172 2990 222 3051 cst
236 2983 334 3066 igitur
348 2991 474 3068 praetor
488 2983 674 3067 peregrinus
690 2989 727 3048 ut
740 2983 914 3066 peregrinis
928 2983 978 3048 ius
994 2983 1120 3050 diceret.
1150 2983 1180 3048 8.
1203 2983 1297 3049 Aedi·

170 3101 219 3170 les
240 3121 367 3187 quoquc
388 3104 513 3170 curules
535 3105 585 3170 ius
605 3103 848 3170 constituebant.
880 3101 954 3168 inde
968 3109 1072 3169 autem
1087 3121 1199 3168 nomen
1213 3120 1297 3168 sum·

169 3231 312 3308 pserunt,
318 3223 402 3305 qnod
414 3243 509 3291 curae
520 3230 590 3290 erat
600 3225 646 3289 eis
657 3225 845 3306 templorum
858 3223 953 3290 decus
965 3223 1074 3306 (aedes
1086 3221 1168 3287 enim
1179 3222 1297 3304 templa

169 3351 255 3418 sunt,
277 3363 355 3410 cura
376 3349 481 3410 antem
504 3343 656 3410 sollertia:
678 3344 719 3409 ed
743 3362 850 3410 eorum
867 3344 948 3409 euim
963 3342 1204 3410 sollicitudinem
1226 3359 1296 3423 per-

169 3463 295 3531 tinebat
317 3483 357 3531 ne
371 3463 443 3549 quis
457 3470 531 3530 ante
545 3463 841 3545 quadragensimum
853 3463 934 3530 forte
954 3481 1071 3529 annum
1086 3462 1296 3529 secerdotium
1313 3469 1349 3522 ao

169 3583 322 3667 caperet),
344 3582 396 3648 uel
418 3585 522 3665 potius
545 3583 620 3664 quia
649 3583 710 3648 fori
731 3603 837 3650 curam
860 3584 997 3665 agebant
1018 3586 1063 3649 itu
1085 3588 1159 3649 sunt
1181 3584 1295 3649 uocati.

170 3702 290 3770 aediles
312 3704 394 3770 enim
415 3703 513 3770 latine
534 3704 668 3769 audiunt
689 3703 744 3786 qui
772 3703 856 3786 apud
877 3721 1007 3784 graecos
1030 3701 1221 3787 ἀγορανόμοι
1243 3720 1297 3767 uo·
