3058 4890
690 408 921 471 -217-

253 598 400 683 γατάριος
421 596 466 672 ὥς
488 619 566 681 φησι
588 593 736 660 Iulianis.
772 595 789 680 ή
813 595 873 679 γὰρ
896 593 990 682 ἀγέλη
1013 593 1046 656 έν
1070 617 1096 658 τι
1118 594 1213 677 σῶμά
1232 592 1297 658 ἐστι
1319 615 1371 658 σο·

252 701 397 785 νεστηκδς
411 698 445 762 ἐκ
460 698 621 783 διαφόρων
643 698 796 783 κεφαλῶν,
818 697 925 779 ὥςπερ
947 697 996 760 καὶ
1016 697 1036 782 ή
1059 695 1138 760 ολκέα
1152 694 1266 760 έστλνὲν
1281 701 1374 781 σῶμα
1385 713 1427 765 19.

252 804 437 890 συνεστηκὸς
473 802 533 866 ἀπὸ
567 800 790 887 συνηνωμένων
822 798 917 862 λίθων
950 797 1017 885 ήτοι
1053 797 1144 860 ὑλῶν.
1201 799 1249 862 19.
1291 797 1372 880 Ἀμέ-

252 909 297 972 λει
319 907 373 970 ἐὰν
396 904 491 968 οἰκίαν
515 928 565 967 σοι
587 902 782 989 ληγατεύσω,
809 904 888 984 μετὰ
910 900 946 964 δὲ
968 901 1055 986 τήνῙ)
1085 899 1238 987 διαθήκην
1268 900 1373 976 κίονας

220 1009 449 1095 ὅήμοίρμαρα
472 1005 600 1090 προςθῶ
631 1005 738 1092 ταύτῃ,
770 1005 851 1091 λήψη
879 1005 927 1068 καὶ
955 1003 1022 1086 τὰλ)
1053 1002 1273 1089 προςτεθέντα.
1318 1006 1425 1070 VM).

253 1111 463 1196 Ἔληγιὶτεοοά
483 1134 530 1175 σαι
553 1112 605 1172 τοῦ
629 1106 706 1189 ἐμοῦ
729 1108 845 1172 οἰκέτου
869 1111 903 1171 τὸ
931 1106 1077 1192 pectilicn
1104 1105 1174 1194 ἔχον
1205 1109 1374 1190 πράγματα

255 1216 450 1298 νομισμάτων
473 1211 598 1294 ccxc-³)
621 1210 682 1275 εἴτε
704 1211 827 1297 γένηται
853 1211 1066 1294 δεκαπέντε),
1090 1210 1151 1274 εἴτε
1173 1211 1273 1290 πέντε,
1297 1209 1374 1283 ζῶν-

252 1339 307 1392 τος
328 1316 404 1400 ἐμοῦ
412 1317 446 1398 ⁶),
477 1312 566 1380 τοῦτο
590 1314 625 1375 σὲ
654 1314 718 1398 δρᾷ
748 1311 800 1376 τόν
828 1306 1029 1399 ληγατοῖριον,
1058 1311 1123 1376 εἴτε
1151 1313 1265 1398 κέρδος
1291 1311 1373 1376 ἐστὶν

253 1418 315 1483 εἴτε
337 1417 438 1505 ζημία.
479 1415 530 1505 έγε
561 1419 656 1479 ταῦτα
686 1417 731 1490 ὡς
758 1414 792 1478 ἐν
821 1407 1050 1502 προθεωρίᾳζθλ
1110 1417 1373 1504 προγώρησίς

205 1529 238 1581 10
255 1521 319 1586 ἐστι
352 1525 412 1583 τῶν
438 1519 533 1604 μήπω
563 1514 746 1603 ληφθέντων
773 1518 915 1604 ληγοίτων
949 1519 992 1591 εἷς
1029 1519 1249 1604 κληρονόμουςΙ
1273 1542 1375 1602 παρα-

254 1625 369 1712 πομπή.
413 1623 491 1706 ὅπερ
515 1619 551 1684 δέ
573 1620 635 1683 ἐστι
658 1622 702 1706 τῷ
724 1618 915 1705 αὐτεξουσίῳ
943 1623 960 1684 ὁ
990 1624 1181 1710 κληρονόμος
1211 1619 1299 1686 τοῦτο
1327 1624 1375 1708 τῷ

254 1726 354 1814 ολκέτη
378 1724 456 1788 ἐστὶν
479 1725 496 1786 δ
518 1722 683 1809 δεσπότης.
712 1723 790 1808 ὅπερ
813 1724 873 1808 γὰρ
896 1722 1029 1807 δύναμαι
1050 1725 1114 1808 έγὼ
1136 1728 1153 1790 ό
1176 1725 1375 1802 αὐτεξούσιος

256 1827 316 1913 πρό
337 1831 394 1913 τῆς
415 1827 539 1912 λήψεως
561 1823 610 1887 ἐπὶ
632 1825 684 1888 τὸν
712 1823 787 1909 έμδν
816 1825 1018 1910 παραπέμψαι
1046 1828 1254 1914 κληρονόμον,
1282 1832 1373 1892 τοῦτο

256 1934 274 1995 δ
299 1930 416 2015 οἰκέτης
439 1929 638 2013 προςπορὶοει
661 1932 705 2014 τῷ
729 1930 880 2016 δεσπότη,
903 1931 921 1994 δ
943 1930 981 1995 δὲ
1005 1933 1081 2018 μὴ’)
1111 1931 1269 2016 δόναταιῚ)
1299 1957 1374 2017 προ·

205 2047 237 2099 15
249 2035 381 2122 χωρεῖν,
413 2030 495 2118 μηδὲ
527 2031 573 2108 εὶς
604 2032 796 2116 κληρονόμον
827 2033 980 2116 μετιέναι,
1015 2037 1103 2098 τοῦτο
1137 2035 1302 2112 δεσπόταις
1334 2037 1373 2099 οὐ

255 2137 600 2224 προςποριοθήσεταιθ)
624 2138 787 2224 προχωρεῖ
804 2135 840 2200 δὲ
860 2137 899 2199 τὰ
921 2138 1038 2224 ληγάτα
1060 2137 1186 2201 ἐπειδὰν
1201 2138 1374 2227 κατενεχθῇ

260 2236 314 2322 ἐφ’
337 2241 429 2325 ήμᾶς.
471 2238 640 2323 καταφορὰ
662 2237 699 2301 δέ
722 2237 843 2326 ἐστινή
873 2243 929 2326 τῆς
958 2240 1083 2326 ἀγωγῆς
1109 2241 1255 2324 δρμοοις·
1278 2241 1375 2326 ἁρμό·

260 2341 304 2414 ζει
326 2341 362 2405 δὲ
383 2341 431 2405 ἐπὶ
450 2341 508 2426 μὲν
530 2345 593 2404 τῶν
614 2339 726 2424 pirmn
747 2345 851 2406 morte
872 2342 1079 2424 testatoriS‚⁹)
1110 2342 1159 2406 ἐπὶ
1185 2342 1223 2407 δὲ
1244 2347 1307 2407 τῶν
1328 2344 1373 2405 αἱ·

157 2443 161 2452 '
252 2447 384 2525 ρετικῶν
403 2444 483 2525 μετὰ
504 2444 559 2528 τήν
581 2440 706 2525 ἔκβασιν
728 2447 783 2530 τῆς
805 2444 966 2526 αἱρέσεως.
1010 2446 1101 2508 πάλαι
1120 2449 1178 2528 μὲν
1186 2447 1224 2529 ¹⁰)
1246 2447 1307 2528 γὰρ
1329 2445 1374 2510 ολ)

206 2553 241 2604 20
259 2543 348 2608 adita
377 2544 556 2609 hereditate
584 2546 760 2631 προεχώρει
789 2547 824 2608 τὰ
852 2547 980 2632 ληγοίτα.
1036 2548 1106 2610 ἀλλ’
1144 2548 1251 2636 ἐπειδὴ
1282 2552 1373 2611 τοῦτο

256 2651 319 2723 τοῖς
340 2646 537 2733 ληγαταρίοις
558 2644 594 2732 ἦν
625 2646 780 2733 ἐπιζήμιον
807 2650 850 2730 (οἳ
875 2649 936 2734 γὰρ
966 2650 1149 2736 κληρονόμοι
1174 2651 1313 2736 ὁρῶντές
1333 2675 1374 2713 τι·

258 2771 311 2823 νας
333 2752 395 2810 τῶν
417 2749 612 2834 ληγαταρίων
634 2747 830 2823 ἐπικινδύνως
851 2749 965 2815 ἐσθότε
988 2750 1166 2832 νοσοῦντας,
1175 2754 1213 2836 ¹¹)
1236 2753 1376 2837 ὑπερετί-

256 2849 348 2912 θεντο
372 2853 426 2935 τήν
447 2848 603 2930 aditiona‚
627 2849 706 2925 ὥςτε
729 2851 834 2926 αὐτοῖς
853 2854 897 2938 μι)
921 2853 1054 2938 ἁρμόσαι
1075 2855 1114 2918 τὰ
1135 2856 1270 2942 ληγότα,
1291 2855 1375 2941 μηδὲ

256 2953 304 3015 ἐπὶ
326 2951 397 3026 τοὺς
419 2952 520 3016 αὐτῶν
544 2953 688 3040 διαβῆναι
710 2955 944 3040 κληρονόμους),
967 2956 1018 3021 διὰ
1033 2955 1123 3022 τοῦτο
1144 2957 1269 3044 ήρεσεν,
1293 2958 1374 3032 ὥςτε

204 3073 239 3126 25
257 3075 278 3119 c
299 3057 401 3119 morte
422 3055 586 3120 testatoris
608 3055 744 3137 γίνεσθαι
771 3059 825 3144 τήν
854 3059 1053 3147 προχώρησιν
1082 3059 1149 3146 ήτοι
1177 3061 1373 3146 καταφορὰν,

257 3157 363 3243 ἐπειδή
387 3155 477 3232 οὗτος
499 3161 516 3219 ό
537 3158 651 3246 χρόνος
673 3159 728 3222 οὐκ
749 3159 782 3223 έν
813 3164 849 3248 τῇ
876 3163 984 3247 γνώμη
1007 3163 1205 3245 ἀπόκειταιῑλ)
1227 3167 1282 3227 τοῦ
1305 3166 1374 3250 κλη-

256 3261 403 3344 ρονόμον.
434 3259 496 3324 ἔστι
518 3258 555 3324 δὲ
577 3262 678 3345 εὑρεῖν
701 3264 750 3326 καλ
773 3264 912 3348 σήμερον
934 3265 1051 3350 ληγάτα
1074 3265 1139 3328 τινὰ
1160 3266 1210 3329 διὰ
1234 3266 1288 3352 τήν
1310 3271 1373 3330 τῶν

327 3570 349 3634 1)
368 3567 392 3620 d.
411 3569 453 3622 vi.
471 3567 503 3621 R.
631 3570 653 3633 λ)
672 3569 784 3638 προσθ,
802 3573 889 3622 ταῦτα
906 3570 929 3623 λ.
947 3571 980 3624 τὰ
997 3588 1044 3639 πρ.
1063 3570 1104 3626 Vi.
1122 3569 1154 3626 R.
1281 3572 1304 3638 ³)
1322 3570 1372 3625 ii:

261 3658 312 3706 cet.
323 3641 455 3718 πρᾶγμαῖ
471 3643 506 3704 ν“ν
506 3655 526 3708 ⁰.
573 3654 596 3720 4)
614 3653 658 3707 Itc
673 3653 711 3706 M.
729 3653 777 3706 Ll.
797 3643 835 3721 (Ῑῖ
850 3654 898 3708 Ιιδ.
918 3655 981 3708 L⁶.:
997 3655 1061 3711 hinc
1077 3670 1170 3710 rursus
1186 3655 1283 3724 incipit
1300 3655 1373 3722 Ιιῖ.);

260 3744 310 3792 cet.
330 3738 526 3791 πεντεκαίδεκα.
628 3739 650 3806 5)
668 3756 719 3802 μου
737 3738 768 3791 F.
904 3740 927 3806 6)
945 3739 1011 3792 οὔτε
1028 3741 1066 3794 Μ.
1194 3741 1216 3807 ⁷)
1233 3758 1316 3804 -μαι
1332 3741 1371 3794 Μ.

260 3824 283 3890 8)
301 3822 363 3876 hinc
381 3822 475 3890 incipit
494 3823 584 3878 Codex
601 3823 755 3879 Vaticanus.
870 3827 894 3892 ⁹)
914 3844 996 3893 -ρος
1012 3828 1058 3883 V.:
1077 3824 1160 3895 ἤγοον
1177 3827 1229 3878 ἀπὸ
1249 3827 1371 3880 θανάτου

262 3911 312 3959 τοῦ
331 3909 516 3971 διατιθεμένου
535 3910 567 3962 V.
584 3910 654 3971 μετὰ
671 3912 698 3987 θ.
717 3911 765 3965 τοι)
784 3912 855 3966 διαθ,
874 3911 916 3964 Vi.
934 3911 967 3966 R.
1048 3913 1083 3980 ¹⁰)
1101 3911 1125 3965 d.
1145 3910 1177 3963 V.
1265 3913 1301 3978 ll)
1319 3915 1372 3964 τῶν

257 3994 321 4064 ληγ.
338 3995 439 4047 ἐσθότε
457 3995 530 4053 τινὰς
548 3995 614 4048 ἐπικ.
633 4013 687 4052 νοσ.
706 3996 737 4049 V.
841 3997 876 4064 1θ)
895 3997 972 4050 ὑπόκ.
990 3997 1022 4052 V.
1039 3997 1093 4051 L⁶.

330 4115 357 4179 a)
375 4112 461 4168 Schol.
479 4113 521 4168 cd.
540 4113 601 4183 Epi.
620 4116 661 4182 37,
673 4117 714 4170 63.
