3022 4884
596 368 829 434 ...143-

144 547 201 616 uis
222 550 291 634 ipae
311 553 400 622 fundi
422 555 567 624 dominor
589 557 639 624 sit.
684 562 734 622 eet
762 555 811 622 lex
839 553 921 624 Iulia
947 573 999 622 ree
1025 551 1102 630 soli,
1130 571 1213 637 quae
1239 552 1274 622 in

145 667 245 736 Italia
267 682 350 754 arna
373 673 512 743 alienare
533 677 636 744 uetuit
657 695 677 742 a
698 677 768 743 uiro
790 681 900 742 contra
929 675 1034 742 uxoria
1061 673 1271 756 uoluntatem

144 792 290 874 obligare
311 800 417 860 autem
440 813 504 874 eae,
527 815 566 862 ne
589 797 802 862 consentiente
824 793 948 877 quidem
972 813 1085 873 uxore,
1115 793 1166 859 nir
1186 799 1273 876 pote·

146 917 212 976 rat
256 918 305 978 εει
326 913 496 980 absurdum
519 914 623 980 uisum
647 921 696 980 eet
718 919 804 980 recte
834 931 904 980 eum
936 914 1089 992 uendere,
1119 911 1273 980 consenti·

145 1037 223 1096 ente
244 1049 350 1112 uxore,
372 1049 473 1114 ponae,
496 1033 549 1098 ubi
571 1032 619 1099 rei
641 1033 787 1099 alienatio
808 1032 910 1099 locum
932 1031 1044 1110 habet,
1066 1031 1272 1114 hypothecam
1306 1031 1323 1084 ⁶

146 1156 265 1228 autem
287 1167 352 1232 qua
373 1151 544 1218 dominium
566 1151 667 1216 adhuc
689 1152 773 1234 apud
797 1151 900 1218 uirum
927 1151 1131 1228 seruabatur,
1157 1168 1197 1215 ne
1218 1168 1273 1218 oo·

146 1271 272 1338 luntate
294 1272 419 1353 quidem
443 1272 549 1339 uxoris
571 1273 762 1340 constituere
788 1289 904 1356 posse<
939 1275 988 1337 εει
1010 1269 1196 1338 admonendi
1222 1287 1274 1334 an·

147 1409 222 1456 mue
242 1391 300 1458 hac
321 1391 444 1458 ratione
466 1393 592 1459 doctam
613 1392 715 1475 legem
738 1395 784 1458 ita
812 1392 1012 1474 disposuisse.
1064 1390 1162 1472 probe
1191 1389 1272 1456 enim

146 1519 283 1576 nouerat
304 1510 474 1593 legislator,
497 1513 524 1577 ai
547 1512 586 1580 de
607 1510 696 1577 modi
719 1511 832 1578 dotalia
854 1511 1041 1576 alienatione
1063 1509 1167 1575 auiro
1183 1509 1273 1574 uxori

146 1649 254 1696 sermo
265 1629 363 1709 fieret,
379 1630 446 1698 lore
460 1639 505 1708 nt,
521 1632 589 1698 eina
603 1633 650 1698 rei
665 1632 824 1698 mentione
839 1629 939 1705 iacta,
953 1630 1194 1698 conturbaretur
1208 1647 1273 1694 mn·
1294 1633 1326 1686 1⁰

145 1751 209 1818 lier
231 1769 332 1833 neque
346 1752 520 1818 consentire
535 1757 711 1835 pateretur:
733 1751 783 1816 ein
798 1758 902 1817 autem
919 1750 960 1816 de
977 1749 1152 1832 hypotheca
1167 1749 1216 1815 uir
1230 1747 1274 1816 lo·

147 1875 308 1954 queretur,
320 1869 443 1936 facilius
458 1869 620 1937 mulierem
635 1870 674 1936 iri
686 1887 880 1950 persuasum.
895 1872 965 1938 iure
975 1869 1072 1953 igitur
1082 1867 1275 1954 hypothecae

148 1988 390 2072 prohibitionem
409 1989 478 2070 lage
492 2009 551 2056 ena
566 1987 774 2067 confirmauit,
796 1989 881 2070 qood
896 2008 972 2056 uero
989 1988 1030 2054 ad
1045 1988 1273 2066 alienationem,
1324 2067 1327 2074 Δ

148 2108 187 2174 id
209 2110 305 2190 ipsius
334 2108 441 2173 uxoria
470 2109 574 2174 animo
604 2107 772 2174 difficiliori
802 2106 940 2189 reliquit
989 2108 1039 2174 ler
1067 2106 1166 2190 igitur
1193 2105 1275 2173 Iulia

148 2227 370 2294 alienationem
404 2232 514 2293 contra
543 2227 649 2293 uxoria
681 2228 878 2294 uoluntatem
912 2227 1031 2306 uetuit;
1067 2227 1274 2318 hypothecam
1294 2245 1325 2298 lo

149 2350 258 2412 autem
273 2347 367 2412 etiam
382 2345 409 2410 ai
421 2365 458 2412 ex
474 2347 541 2412 eiua
556 2344 646 2412 fieret
660 2348 823 2412 uoluntate
838 2347 1011 2430 prohibuit3
1026 2348 1155 2428 ipsaque
1170 2347 1201 2411 in
1216 2348 1272 2412 ita·

149 2463 222 2531 licie
251 2471 373 2530 tantum
401 2465 537 2548 praediis
566 2465 666 2532 locum
694 2466 838 2533 habebat.
891 2472 997 2534 noster
1026 2485 1102 2534 uero
1130 2468 1274 2556 princepe

150 2563 271 2667 optima
292 2601 368 2650 unua
390 2583 512 2652 ratione
534 2591 702 2668 utromque
728 2587 879 2654 mumuit:
908 2585 1000 2652 iussit
1028 2589 1111 2656 anim
1138 2604 1200 2654 non
1228 2604 1276 2654 ao·

150 2703 272 2770 lumin
294 2702 399 2772 italico
429 2703 496 2771 eolo
525 2710 574 2772 set
603 2705 757 2771 etiamid
786 2705 971 2788 prouinciali
1000 2705 1220 2772 alienationem
1242 2711 1276 2774 ct

150 2824 361 2905 hypothecam
396 2823 464 2890 niro
501 2823 700 2905 praediorum
737 2825 887 2890 dotalium
923 2823 1019 2891 etiam
1060 2824 1275 2892 consentiente
1291 2849 1326 2901 20

151 2961 250 3008 uxore
279 2961 340 3009 non
370 2961 439 3008 εεεε
460 2942 720 3026 permittendam,
750 2963 790 3009 ne
812 2945 971 3010 muliebrio
1000 2961 1093 3010 sexus
1120 2943 1275 3028 fragilitas

106 3072 133 3122 1.
151 3063 322 3146 perniciem
350 3063 417 3129 eius
441 3081 544 3129 rernm
566 3062 714 3130 adferret.
741 3066 769 3126 1.
792 3063 883 3129 Nunc
905 3073 953 3129 est
968 3061 1133 3131 dicendum
1148 3061 1274 3148 quando

152 3183 291 3263 quinon
315 3182 358 3247 sit
387 3182 529 3248 dominns
559 3184 697 3249 alienare
725 3184 835 3266 possit
885 3183 918 3249 id
946 3182 1088 3272 procedit
1117 3183 1216 3248 ueluti
1242 3182 1274 3248 in

153 3302 308 3368 eiusmodi
330 3303 481 3384 exemplo,
502 3310 626 3370 mutuos
642 3322 662 3368 a
677 3310 709 3368 te
731 3305 835 3386 accepi
858 3321 971 3370 aureos
994 3303 1036 3384 ῦς
1058 3302 1196 3384 obligati
1218 3301 1277 3368 tibi

153 3422 287 3486 fundum
309 3439 411 3486 meum
434 3439 470 3487 eo
492 3428 584 3502 pacto
607 3427 643 3487 ut
665 3422 721 3488 tibi
744 3421 869 3500 liceret,
899 3423 927 3488 ei
956 3422 1040 3490 intra
1069 3438 1184 3488 annum
1213 3403 1275 3488 non
1292 3433 1326 3486 ao

153 3542 319 3614 soluerem,
342 3539 454 3624 pignus
476 3541 621 3607 uendere.
649 3541 708 3606 hoc
723 3543 804 3606 enim
820 3559 894 3606 casu
916 3541 1061 3620 creditor,
1084 3541 1157 3608 licet
1179 3538 1277 3606 domi·

153 3679 214 3726 nus
229 3679 291 3726 non
314 3661 364 3738 ait,
387 3667 472 3727 recte
494 3661 618 3727 alienat.
664 3668 713 3726 set
734 3661 761 3726 si
782 3660 853 3744 quie
876 3661 1022 3743 suptilius
1044 3661 1191 3744 inquirat,
1214 3681 1276 3729 non
