2990 4884
577 413 789 476 ..99-

121 599 223 680 gandi
245 599 286 663 ad
307 599 456 681 pecunias
478 600 685 684 quaerendus,
706 599 820 681 quibus
842 598 959 680 captiui
988 596 1191 664 redimantur.
1220 597 1248 663 si

124 719 197 800 quis
221 737 297 785 uero
319 735 376 784 sua
397 719 586 785 auctoritate
600 719 691 797 quasi
706 735 829 785 sacrum
844 717 946 784 locum
961 715 1020 784 sibi
1036 713 1246 794 constituerit,

124 856 198 903 eum
226 855 350 905 sacrum
378 858 469 905 nemo
498 837 589 905 facile
615 838 779 906 uocauerit
809 837 919 920 (semel
946 836 1028 903 enim
1054 836 1172 904 dicturo
1200 842 1248 902 est

123 958 284 1040 quomodo
307 976 396 1023 sacra
417 957 485 1025 fieri
505 958 655 1041 soleant);
678 963 727 1024 set
742 957 872 1025 dicimus
887 956 1040 1023 eiusmodi
1054 956 1155 1023 locum
1178 973 1249 1039 pro-

123 1077 232 1142 fanum
263 1095 319 1141 seu
346 1078 506 1159 priuatum
536 1096 613 1144 esse.
670 1077 854 1143 sinautem
884 1076 977 1141 aedes
1006 1092 1114 1140 sacrae
1142 1077 1248 1141 terrae
1282 1073 1300 1126 5

125 1202 216 1262 motu
238 1195 321 1260 facto
344 1196 519 1273 diruantur,
542 1197 594 1262 nel
616 1197 710 1262 etiam
725 1201 885 1262 uetustate
900 1194 1024 1271 cadant,
1048 1191 1248 1259 nihilomiuus

126 1317 216 1382 locus
238 1316 270 1379 in
292 1332 354 1395 quo
377 1333 485 1381 sacrae
507 1316 601 1382 aedes
624 1320 714 1380 erant
735 1332 823 1382 sacer
845 1320 950 1380 manet
973 1319 1005 1378 et
1026 1311 1143 1378 nullius
1165 1318 1202 1377 ut
1216 1317 1249 1378 et

125 1433 320 1515 Papinianus
340 1434 458 1500 scribit
482 1435 536 1517 qui
558 1433 642 1498 enim
657 1434 743 1500 locus
765 1451 854 1499 secer
875 1432 977 1499 factus
1000 1437 1049 1497 est
1069 1430 1248 1496 nullomodo

78 1558 104 1609 9-
125 1553 243 1619 desinit
275 1571 381 1619 saorer
409 1571 487 1619 esse.
544 1555 573 1617 9.
606 1552 732 1618 Nullius
764 1554 797 1617 in
830 1552 937 1630 bonis,
971 1556 1007 1616 ut
1041 1551 1158 1616 dictum
1191 1553 1249 1628 est,

124 1670 223 1738 etium
245 1671 392 1754 religiosa
414 1679 496 1738 sunt.
540 1672 719 1755 religiosum
742 1678 846 1738 autem
877 1671 1093 1754 unusquisque
1115 1687 1174 1735 suu
1195 1687 1248 1735 uo·
1268 1681 1301 1735 10

123 1793 250 1856 luntate
271 1790 347 1857 facit
369 1809 426 1857 suo
449 1791 523 1857 dum
545 1797 703 1856 mortuum
725 1789 821 1856 infert
842 1790 873 1854 in
896 1789 997 1855 locum
1019 1807 1121 1854 suum.
1165 1787 1249 1870 quod

123 1912 153 1976 si
175 1910 347 1976 communis
362 1911 448 1975 locus
462 1909 568 1987 fuerit,
591 1909 617 1972 si
632 1909 758 1993 quidem
775 1926 872 1990 purus
887 1908 930 1973 sit
944 1909 1077 1974 necdum
1092 1908 1193 1975 factus
1208 1907 1250 1973 sit

124 2029 305 2111 religiosus,
315 2030 417 2095 inuito
429 2030 525 2106 socio,
536 2047 598 2094 non
610 2028 684 2096 licet
695 2028 817 2094 cuidam
828 2047 866 2094 eo
881 2035 1038 2093 mortuum
1059 2027 1249 2094 inferrezsin

124 2156 234 2214 autem
257 2167 419 2216 commune
441 2148 537 2215 fuerit
559 2148 746 2230 sepulcrum,
769 2148 863 2214 etiam
885 2147 994 2213 inuitis
1010 2147 1122 2214 ceteris
1144 2145 1252 2227 sociis,

123 2270 202 2336 licet
228 2275 387 2335 mortuum
413 2269 457 2336 ibi
486 2269 652 2351 deponere.
708 2266 742 2332 Si
774 2284 851 2333 uero
883 2266 943 2334 loci
976 2268 1136 2333 cuiusdam
1170 2265 1250 2332 aiter
1269 2279 1301 2332 15

123 2389 356 2455 usumfructum
382 2388 478 2455 habet
504 2388 714 2469 (ususfructus
741 2395 789 2452 est
815 2393 919 2452 autem
947 2385 998 2452 ius
1023 2386 1116 2451 certis
1149 2384 1249 2451 modis

124 2511 343 2586 constitutum,
365 2505 575 2590 incorporale,
604 2524 667 2590 quo
696 2505 806 2573 alienis
836 2507 930 2572 rebus
958 2506 1006 2570 uti
1031 2505 1156 2588 fruique
1179 2521 1250 2586 pos-

124 2631 212 2712 sum)
236 2665 275 2675 -
298 2628 326 2692 si
348 2646 423 2710 ergo
445 2626 585 2693 eiusdem
606 2625 670 2692 loci
688 2627 770 2693 alter
791 2624 1019 2691 usumfructum
1041 2623 1146 2701 habet,
1169 2622 1251 2690 alter

123 2749 367 2830 proprietatem,
388 2747 615 2830 proprietarius
636 2764 709 2813 aum
730 2747 763 2812 in
789 2747 890 2812 locum
919 2751 1075 2812 mortuum
1102 2744 1249 2821 infereus,

123 2867 229 2934 inuito
252 2866 495 2945 usufructuario,
517 2869 620 2934 locum
642 2865 823 2948 religiosum
845 2883 906 2932 non
929 2865 1014 2932 facit.
1057 2881 1130 2930 nam
1152 2867 1179 2930 si
1201 2883 1250 2931 re·
1267 2880 1302 2934 aa

123 2987 258 3070 ligiosus
279 2986 379 3065 fieret.
401 2988 548 3071 nequiret
568 2989 601 3052 in
623 2987 713 3054 bonis
735 2987 866 3053 alicuius
889 3003 973 3067 esse,
1002 2985 1090 3068 utqui
1119 2985 1151 3049 in
1173 2983 1250 3049 clte-

123 3107 195 3174 rius
215 3107 408 3189 proprietate
432 3107 661 3173 usumfructum
688 3107 859 3174 consistere
888 3103 1027 3173 definitio
1057 3120 1114 3169 uos
1143 3102 1250 3169 docuit

122 3225 341 3306 ususfructus;
358 3226 481 3294 'merito
509 3246 585 3311 ergo
613 3227 882 3296 usufructuarium
911 3226 1085 3292 consentire
1112 3227 1249 3304 oportet:

120 3345 203 3413 nihii
225 3347 309 3414 enim
332 3365 440 3413 eorum
463 3352 566 3412 ratum
588 3347 724 3414 habetur
744 3363 826 3426 quae
852 3363 872 3409 a
895 3345 1020 3411 domino
1046 3342 1079 3408 in
1107 3341 1250 3408 fraudem
