3022 4884
694 402 922 464 -120-

251 589 339 674 τρίας
368 587 442 674 όλης
468 587 501 650 ἐν
530 591 577 675 τῷ
606 589 675 675 ἐμῷ
702 589 896 676 υίκυδυμησω
906 590 931 672 1)
959 588 1069 673 ἐδάφει
1099 588 1119 676 ἢ
1149 587 1183 651 ἐκ
1211 591 1267 673 τῆς
1298 586 1380 673 ἐμῆς

252 689 326 776 ὕλης
347 689 381 752 ἐν
403 690 555 776 ἀλλοτρίῳ
585 692 671 777 τόπιμ
700 692 781 756 οἷκον
811 690 1042 755 κατεσκεύασεν
1069 689 1089 777 ἦ
1119 689 1281 774 ἀλλότριον
1308 689 1377 752 δέν-

251 791 328 874 δρον
351 791 385 854 ἐν
407 791 475 876 ίδίφ
498 815 543 867 τις
565 793 737 878 ἐφύτευσεν
760 795 852 880 ἀγρῷ
875 793 894 880 ἢ
918 792 994 857 ίδιυν
1017 792 1150 877 δένδρον
1172 791 1206 854 ἐν
1229 792 1380 878 ἀλλοτρίᾳ

249 895 289 978 γῇ
311 894 390 968 ὥςτε
412 895 461 957 καί
479 895 621 980 ῥιζῶσαι,
642 896 721 980 ὅπερ
744 895 898 982 ἐκράτησε
931 896 978 958 καί
1009 895 1057 958 ἐπὶ
1085 893 1141 957 τοῦ
1169 894 1378 977 σπειρομένυυ

216 995 338 1067 πσίτυυ
361 995 442 1079 καῖ’)
465 1000 527 1059 τῶν
549 995 769 1082 ἐπιτιθεμένων
790 999 984 1080 γραμμάτων
1000 997 1088 1081 ἐμαῖς
1103 999 1237 1085 χάρταις
1252 995 1272 1082 ἢ
1288 996 1379 1076 ἐμαῖς

249 1098 468 1184 βεμβράναις.“
502 1101 535 1162 τὸ
558 1099 594 1162 δὲ
616 1098 754 1162 ἐναντίον
777 1098 825 1162 ἐπί
847 1103 903 1185 τῆς
926 1099 1053 1176 εἰκόνος,
1078 1097 1150 1161 εἴκει
1172 1099 1233 1182 γὰρ
1256 1099 1277 1183 τ)
1301 1099 1377 1183 ξενὴ

250 1201 333 1274 σανὶς
365 1203 403 1287 τῇ
431 1204 549 1288 γραφῇ.
598 1200 631 1263 ἐν
658 1200 694 1263 δὲ
725 1204 790 1276 ταῖς
826 1204 968 1283 φυσικαῖς
1001 1200 1142 1288 κτησευίν
1173 1201 1236 1264 ἐστι
1264 1202 1312 1262 καί
1341 1203 1379 1261 τὸ

250 1301 334 1367 bona
355 1301 419 1367 fide
440 1303 548 1385 λαβεῖν
571 1303 656 1388 παρὰ
679 1302 732 1365 τοῦ
758 1306 801 1389 μὴ
825 1304 981 1366 δεσπότου
1011 1303 1125 1386 ἀγρόν,
1156 1302 1234 1390 αὕτη
1264 1303 1327 1387 γὰρ
1356 1304 1378 1388 η

249 1403 418 1470 bonafide
441 1405 550 1491 νυμὴῖ)
574 1405 666 1490 ἀρκεῖ
685 1405 729 1480 είς
750 1408 784 1468 τὸ
808 1409 938 1491 ποιῆσαι
960 1405 1053 1467 αὐτὸν
1076 1405 1228 1490 δεσπότην
1245 1404 1307 1468 τῶν
1323 1405 1378 1467 δα-

200 1524 233 1575 10
250 1504 452 1593 πονηθέντων
475 1510 612 1592 καρπῶν.
649 1509 698 1569 καὶ
719 1508 772 1592 ἦέ)
796 1505 849 1570 τοῦ
872 1506 1037 1594 θησαυροῦ
1063 1506 1188 1590 εὕρεσις
1209 1507 1229 1593 ἢ
1250 1510 1287 1570 τὸ
1311 1507 1379 1569 όλό-

247 1610 361 1695 κληρυν
383 1610 403 1697 ἢ
422 1610 522 1695 μέρος
544 1615 697 1694 περιποιεῖ
717 1613 762 1694 τῷ
784 1610 906 1692 εὑρόντι
932 1611 1011 1672 κατὰ
1035 1612 1087 1695 τὴν
1104 1609 1295 1691 διάστιξιν.“)
1319 1633 1380 1694 φυ-

249 1712 316 1797 σικ)
339 1715 444 1796 κτῆσις
465 1714 513 1775 καί
533 1714 553 1798 η
576 1712 659 1795 διάί)
683 1717 737 1798 τῆς
758 1709 958 1776 traditionos.
988 1712 1064 1774 ἀλλὰ
1086 1710 1261 1794 ταῦταμὲν
1277 1712 1379 1774 πάντα

248 1811 387 1898 εἰρήσθω
410 1815 481 1896 περὶ
505 1818 565 1877 τῶν
588 1817 779 1896 σωματικῶν.
817 1817 843 1876 l.
877 1813 999 1899 Ἐπειδὴ
1027 1813 1063 1876 δὲ
1091 1818 1152 1876 τῶν
1181 1818 1376 1898 πραγμάτων
1399 1827 1422 1877 1.

247 1915 286 1978 τὰ
305 1914 364 1998 μέν
386 1914 452 1978 ἐστι
473 1917 630 1999 σωματικὰ
651 1917 690 1979 τὰ
712 1916 748 1978 δὲ
776 1917 930 2000 ἀσώματα
957 1919 1144 1999 (σωματικόν
1172 1915 1210 1978 δέ
1231 1916 1332 1995 ἐστιν,
1360 1919 1378 1978 δ

200 2033 230 2082 Ιό
248 2017 297 2079 καί
320 2016 447 2102 ὀνόματι
468 2018 649 2102 γνωρίζεται
671 2019 721 2080 καὶ
743 2019 809 2104 ἁφῇ
833 2020 879 2079 καὶ
900 2017 961 2104 θέᾳ
988 2017 1157 2096 ὑποπίπτει,
1189 2017 1254 2080 υίυν
1277 2019 1379 2102 ἀγρὸς

248 2119 328 2184 υίκία
348 2118 446 2206 ἐσθὴς
469 2121 597 2208 υίκέτης,
619 2120 787 2206 ἀσώματον
810 2119 846 2182 δέ
875 2120 956 2184 ἐστιν
987 2119 1004 2181 δ
1034 2123 1079 2205 νῷ
1105 2119 1195 2205 μόνῳ
1226 2121 1379 2205 γνωρίζε-

248 2245 305 2302 ται,
327 2221 401 2286 υίίτε
423 2221 459 2286 δὲ
481 2226 548 2309 ἁφῇ
570 2221 673 2304 υιῖτεί)
696 2223 759 2310 θέᾳ
775 2223 960 2306 δποπίπτει),
984 2222 1125 2296 εἰπόντες
1147 2220 1200 2285 υόν
1226 2224 1377 2308 περὶτῶν
1508 2233 1509 2250 ί

248 2329 438 2411 σωματικῶν,
462 2324 596 2408 εἴπωμεν
618 2327 667 2388 καί
694 2327 764 2410 περὶ
793 2329 853 2388 τῶν
881 2326 1066 2408 ἀσωμάτων.
1111 2325 1267 2408 άσιόματά
1295 2326 1379 2390 ἐστιν

247 2427 324 2490 δέν
346 2427 452 2512 δικαίῳ
475 2427 647 2491 συνίσταταί
667 2426 732 2490 οἷον
754 2427 950 2513 κληρονομία.
997 2429 1047 2490 καί
1077 2427 1104 2488 τί
1133 2426 1197 2490 ἐστι
1226 2426 1379 2512 κληρονο-

196 2549 231 2600 20
245 2529 318 2614 μία,
341 2529 456 2593 δικαῖόν
479 2553 506 2592 τι
528 2532 677 2614 φανεροῖς
700 2529 827 2613 τρόποις
850 2530 1069 2610 ιπινιστάμενον
1101 2531 1148 2613 νῷ
1175 2531 1379 2615 καταλαμβα-

248 2632 376 2717 νόμενον
399 2631 415 2692 d
439 2634 521 2694 πυιεῖ
536 2655 578 2715 με
600 2635 655 2718 τῆς
676 2631 787 2717 ἑτέρου
809 2631 994 2707 δεσποτείας
1002 2633 1027 2716 ⁸)
1051 2630 1171 2717 ἀθρόαν
1187 2632 1376 2716 γενέσθαιῖ)

248 2733 410 2821 osam.
455 2731 498 2796 ἔτι
519 2734 557 2810 οι,
578 2734 626 2797 ιο
647 2732 834 2800 usdfructos.
883 2734 1066 2802 usdfruotos
1094 2735 1131 2799 οι
1164 2736 1227 2799 §.m
1256 2735 1379 2797 οσανν
1441 2717 1445 2724 ’
1506 2809 1507 2826 ,

248 2859 275 2898 τι
308 2839 458 2921 φανεροῖς
490 2837 615 2922 τρόποις
645 2839 861 2920 σονιστάμενυν
890 2845 935 2923 νῷ
962 2837 1329 2922 καταλαμβανόμενυνῑθ)
1359 2837 1377 2897 δ
1506 2837 1507 2864 ³

248 2943 328 3003 ποιεῖ
344 2962 386 3020 με
409 2939 529 3021 κατὰῑί)
551 2945 607 3027 τῆς
633 2940 744 3026 ἑτέρου
772 2939 957 3014 δεσποτείας
987 2939 1066 3028 ἔχειν
1092 2944 1204 3027 χρῆσιν
1237 2943 1286 3003 καί
1314 2939 1378 3002 ἐπι·

195 3057 229 3108 25
247 3041 388 3125 καρπίαν.
419 3040 520 3106 ἔτιδὲ
542 3047 590 3106 καὶ
612 3043 687 3127 affl)
710 3044 813 3131 ἐνογαί
834 3045 865 3106 αί
887 3043 1095 3129 όπωςδηπυτε
1116 3046 1277 3120 συστᾶσαι,
1301 3043 1377 3104 παλ·
1505 3117 1506 3124 ,

246 3142 292 3206 λοὶ
312 3144 373 3227 γάρ
396 3145 504 3231 τρόποι
525 3148 705 3221 συστάσεως
726 3146 852 3234 ἐνυχῆς,
884 3148 929 3221 ὡς
961 3145 1122 3230 προίόντες
1147 3143 1376 3230 μαθησόμεθα.
1505 3131 1506 3184 3

246 3249 294 3310 καὶ
314 3247 344 3310 τί
363 3249 443 3312 ἐστιν
466 3248 574 3336 &vom
602 3249 695 3338 ἐναγῆ
723 3249 832 3330 eoum)
867 3248 989 3332 δεσμός
1017 3247 1151 3327 δικαίου,
1180 3247 1227 3310 δι’
1258 3244 1296 3308 οὗ
1328 3270 1379 3321 τις

246 3349 450 3431 ἀναγκάζεται
482 3353 581 3414 ποιεῖν
610 3349 740 3415 ἕκαστον
772 3349 789 3412 δ
815 3350 934 3435 ὀφείλει
965 3353 1070 3414 ποιεῖν.
1122 3352 1151 3412 2.
1191 3349 1248 3412 Καί
1280 3348 1380 3433 μῆτις
1398 3367 1423 3420 2,
1504 3425 1505 3430 η

312 3625 336 3689 1)
353 3622 396 3676 lta
407 3622 454 3676 ΙιῙ.
466 3623 516 3677 L2.
530 3622 574 3676 R:
592 3622 705 3676 M.1.⁶.:
723 3622 890 3691 οὶκυδυμήση
918 3639 996 3680 τις..
1011 3663 1017 3674 .
1036 3620 1251 3672 κατεσκεύασενε
1269 3617 1378 3689 ῷκυδυ-

244 3709 320 3779 μήδη
338 3749 345 3760 .
364 3751 370 3763 .
390 3750 396 3761 .
415 3746 421 3761 .
438 3710 629 3761 κατεσκεύασα
646 3706 687 3761 vi.
705 3708 738 3762 R.
808 3707 832 3776 ²)
850 3707 893 3760 ἐπὶ
910 3705 971 3762 αδδ.
993 3705 1033 3760 vi.
1052 3706 1086 3761 R.
1154 3708 1178 3773 ³)
1195 3706 1237 3761 de.
1257 3704 1305 3759 11².
1325 3703 1378 3758 bo-

244 3808 296 3848 nae
313 3791 376 3848 fidei
397 3812 419 3846 ν.
438 3792 479 3847 Vi.
497 3793 530 3848 R.
619 3795 643 3859 ⁴)
660 3792 760 3847 Addidi
778 3809 811 3848 ex
829 3794 867 3847 Μ.
887 3792 930 3846 vi.
948 3791 980 3846 R.
1067 3795 1090 3860 ⁶)
1107 3791 1230 3852 διάταξιν
1248 3790 1298 3844 11².
1317 3789 1378 3843 Lss.

244 3879 288 3934 Vi.
318 3877 364 3934 st:
395 3883 458 3932 ante
487 3877 519 3931 F.
548 3893 612 3932 uero
641 3877 797 3946 legebatur:
831 3879 875 3930 καί
903 3878 974 3930 κατὰ
1004 3880 1054 3947 τὴν
1084 3878 1153 3933 διάτ.
1182 3875 1282 3944 φνσικτ)
1318 3883 1377 3930 cet.

243 3965 267 4029 6)
284 3963 309 4018 d.
327 3964 371 4017 vi.
453 3964 476 4031 ⁷)
494 3963 511 4032 ἢ
530 3962 571 4016 vi.
589 3961 621 4016 R.
708 3963 731 4030 8)
748 3963 842 4032 scripsi
862 3978 896 4017 ex
915 3963 965 4016 [al.
983 3962 1034 4016 11².
1051 3964 1089 4016 Μ.
1107 3963 1169 4017 L⁶.:
1188 3967 1238 4017 oet.
1256 3979 1376 4028 περιυυ·

244 4049 312 4108 σίας,
414 4049 438 4114 ⁹)
454 4047 579 4114 γίνεσθαι
597 4047 634 4101 Μ.
738 4050 775 4114 10)
793 4048 834 4101 de.
852 4048 898 4101 vi.
999 4049 1035 4114 1Ῑ)
1053 4047 1078 4100 d.
1097 4047 1135 4101 Μ.
1239 4045 1274 4114 1²)
1293 4046 1320 4101 d.
1333 4047 1377 4102 M.

244 4133 281 4197 1⁸)
300 4133 329 4183 ἐν
349 4133 406 4184 ἐστ.
428 4131 578 4186 addidimus
596 4149 630 4188 ox
648 4133 685 4186 Μ.
703 4133 753 4189 Ll.
770 4133 820 4187 [ι’.
838 4133 888 4188 Ιιΰ.
910 4132 973 4186 F¹.:
991 4137 1042 4186 eet.
1060 4132 1101 4188 de.
