3078 4882
601 425 832 489 ..200..

264 714 312 780 De
333 713 483 778 heredum
506 713 659 795 qualitate
681 721 714 779 et
736 713 921 780 differentia.
966 715 1089 780 Titulus
1114 715 1162 778 19.

236 901 369 966 Heredis
392 919 503 966 nomen
525 900 672 981 generale
695 908 759 981 est;
789 900 821 968 in
850 908 915 967 tres
943 907 1048 969 autem
1076 903 1196 983 species
1225 901 1277 966 de·

150 1020 285 1085 ducitur.
330 1018 481 1084 heredum
504 1021 586 1084 enim
610 1019 736 1101 quidam
760 1019 929 1086 necessarii
961 1020 1124 1098 dicuntur,
1154 1019 1206 1086 alii
1229 1019 1277 1084 sui

103 1149 128 1197 1.
150 1143 183 1203 et
206 1139 385 1212 necessarii,
407 1137 461 1203 alii
484 1139 608 1203 demum
631 1139 782 1204 extranei.
823 1143 850 1202 1.
884 1140 961 1217 Quis
989 1159 1065 1205 uero
1096 1145 1144 1203 est
1172 1155 1279 1204 neces-

150 1254 279 1321 sarius?
302 1271 413 1321 seruus
435 1255 527 1322 heres
550 1256 730 1336 institutus,
753 1258 805 1337 qui
829 1258 898 1323 ideo
922 1257 967 1323 sic
987 1257 1171 1340 appellatur,
1194 1257 1276 1338 quod

151 1373 226 1458 siue
244 1372 323 1438 uelit
344 1375 413 1439 siue
435 1375 513 1440 nolit
536 1375 713 1441 omnimodo
736 1382 808 1457 post
830 1375 949 1442 domini
971 1383 1104 1443 mortem
1134 1377 1277 1458 protinus
1312 1401 1328 1450 t

150 1493 231 1558 liber
253 1499 285 1558 et
307 1495 502 1559 necessarius
524 1493 616 1560 heres
637 1468 682 1559 fit.
729 1495 812 1560 unde
835 1496 888 1574 qui
911 1501 1074 1577 suspectas
1096 1493 1213 1561 habent
1233 1493 1277 1558 f·

152 1612 286 1678 cultates
309 1629 383 1677 suas
405 1630 442 1679 ac
463 1618 613 1678 uerentur
635 1619 671 1678 nt
693 1631 784 1678 nemo
807 1613 850 1677 sit
874 1620 1003 1695 propter
1017 1614 1153 1692 inopiam
1169 1631 1276 1679 eorum

150 1731 235 1796 bona
256 1734 454 1811 accepturus,
477 1731 580 1796 solent
601 1749 692 1797 suum
716 1749 843 1797 seruum
860 1731 960 1810 primo
977 1733 1114 1797 secundo
1138 1735 1194 1796 aut
1215 1737 1278 1796 ter·

152 1851 197 1938 tio
220 1851 271 1916 uel
294 1853 388 1917 etiam
413 1852 563 1919 ulteriore
585 1853 685 1933 gradu
708 1852 855 1918 heredem
879 1853 1029 1928 scribere,
1055 1851 1168 1916 ueluti:
1198 1849 1276 1916 Sti-

151 1959 246 2036 chus
275 1989 422 2037 seruus
449 1990 557 2037 meus
584 1971 701 2037 heres
730 1975 831 2036 esto:
861 1971 944 2050 quod
967 1974 1016 2036 est
1038 1971 1138 2051 primo
1160 1971 1276 2050 gradu:
1297 1985 1330 2035 10

150 2090 204 2155 uel
227 2089 364 2155 secundo
399 2090 457 2156 hoc
485 2090 593 2155 modo:
623 2087 774 2155 Primus
802 2089 914 2154 heres
943 2095 1044 2155 esto:
1073 2089 1153 2154 nisi
1184 2092 1276 2170 erit,

90 2285 98 2302 ,
150 2207 314 2276 Stichus
337 2227 482 2274 seruus
504 2225 613 2274 meus
636 2208 754 2274 heres
778 2220 871 2274 esto.
907 2217 939 2275 et
962 2210 1007 2273 ita
1029 2211 1185 2290 deinceps.
1231 2227 1279 2274 ce·

150 2333 253 2394 terum
277 2329 304 2393 si
326 2346 416 2394 nemo
439 2327 646 2394 hereditatem
665 2327 754 2393 adire
770 2329 933 2405 sustineat,
957 2326 1135 2393 necessario
1151 2325 1277 2394 Stichus

149 2448 249 2513 adibit
271 2447 426 2529 heresque
449 2446 513 2524 fiet,
536 2452 634 2528 atque
655 2446 716 2511 uisi
739 2446 878 2513 defuncti
905 2445 1113 2512 creditoribus
1137 2447 1276 2513 debitum

150 2567 297 2645 soluerit,
332 2566 384 2631 uel
405 2584 463 2647 pro
485 2584 559 2631 aere
581 2565 683 2631 alieno
712 2565 916 2644 satisfecerit,
950 2565 1121 2648 ignominia
1151 2565 1277 2648 quidem
1299 2587 1328 2636 15

150 2687 316 2752 defunctus
332 2704 393 2750 non
416 2684 590 2762 adficietur,
613 2686 771 2752 hereditas
794 2692 898 2751 autem
922 2685 1125 2763 distrahetur,
1149 2705 1211 2752 non
1233 2687 1278 2753 ita

54 2871 58 2876 .
150 2815 257 2871 tamen
280 2813 316 2870 ut
346 2806 451 2872 dicant
482 2806 653 2871 creditores
682 2807 764 2870 illius
792 2805 931 2872 defuncti
961 2806 1042 2872 hona
1070 2807 1195 2884 uenire,
1229 2815 1278 2873 set

150 2924 249 2994 Stichi
272 2925 407 2990 heredis.
455 2943 524 2990 cum
547 2930 653 2991 autem
680 2925 849 2990 creditores
872 2925 904 2989 in
933 2925 1085 2990 bonorum
1107 2928 1278 3006 possessio·

149 3064 221 3110 nem
244 3044 310 3109 sint
331 3046 427 3122 missi,
450 3052 507 3111 aut
529 3044 708 3110 distrahunt
731 3063 769 3109 ea
790 3051 846 3108 aut
868 3045 951 3110 inter
967 3061 1001 3110 se
1017 3044 1174 3110 diuidunt.
1198 3063 1277 3110 mer-

150 3163 258 3230 cedem
281 3169 386 3228 autem
409 3162 564 3228 eiusmodi
586 3163 775 3243 ignominiae
789 3163 918 3229 habebit
934 3181 1046 3229 seruus
1061 3164 1196 3244 primum
1212 3165 1277 3244 qui·
1295 3187 1329 3237 20

150 3284 222 3350 dem
244 3281 438 3359 libertatem,
469 3284 559 3348 cuius
587 3283 633 3345 rei
663 3281 739 3346 nihil
769 3283 937 3361 pretiosius
968 3290 1032 3359 est;
1061 3283 1172 3346 deinde
1199 3275 1275 3346 illud

149 3404 245 3467 etiam
290 3401 318 3466 ei
358 3406 560 3480 praestatur,
610 3406 645 3464 ut
693 3417 907 3480 quaecumque
950 3407 1022 3481 post
1068 3402 1115 3464 sui
1160 3401 1276 3467 domini

149 3525 284 3586 mortem
306 3520 365 3585 sibi
387 3519 575 3600 adquisierit
597 3517 725 3584 Stichus
748 3539 786 3586 ex
809 3518 880 3584 aliis
902 3521 1015 3598 causis,
1041 3521 1121 3587 idest
1144 3538 1204 3586 non
1220 3539 1277 3601 per

149 3641 344 3706 occasionem
373 3639 572 3716 hereditatis,
607 3638 637 3703 ei
664 3646 868 3704 reseruentur
897 3655 997 3718 neque
1027 3641 1058 3703 in
1086 3641 1123 3704 iis
1153 3642 1277 3707 molesti

200 4314 302 4364 Theoph.
316 4314 428 4355 Antecess.
443 4324 485 4354 rec.
500 4310 590 4353 Femini-
