3096 4890
627 446 817 508 ..p-

154 629 400 709 Theodosiacus,
411 636 575 710 praeterea
586 638 619 697 et
629 631 736 714 plures
748 632 997 712 constitutiones,
1009 649 1091 712 quae
1101 634 1176 715 post
1185 631 1285 698 ‘iheu-

155 751 320 814 dosianum
343 749 483 816 codicem
500 750 675 816 conlectum
697 752 781 818 latae
803 758 886 826 sunt.
909 770 1085 835 magnaque
1107 772 1177 820 cum
1201 759 1284 818 esset

155 871 239 933 inter
253 869 492 935 constitutiones
511 871 678 950 praedictis
694 871 927 938 collectionibus
949 877 1085 938 insertas
1107 861 1284 955 repugnan-

156 989 211 1066 tia,
228 989 364 1069 optimus
382 991 531 1073 Princeps
547 999 656 1058 noster
670 1013 740 1059 eum
755 994 882 1061 inutiles
897 995 1133 1078 geminatasque
1147 994 1282 1078 iurique,

152 1126 216 1191 quo
243 1111 378 1188 utimur,
413 1113 587 1177 contrarias
615 1113 741 1180 abolere
758 1114 927 1194 iussisset,
961 1115 1097 1182 codicem
1127 1113 1281 1180 conscribi
1315 1124 1332 1176 o

154 1233 323 1313 imperauit
345 1233 527 1298 serenitatis
550 1253 627 1299 suae
649 1236 772 1302 nomine
795 1234 981 1315 praeditum.
1030 1239 1080 1300 set
1108 1238 1140 1300 et
1161 1233 1201 1298 ad
1224 1231 1281 1298 im·

153 1371 263 1419 mensa
286 1359 427 1417 ueterum
456 1354 658 1435 prudentium
682 1352 843 1419 uolumina
873 1372 980 1421 curam
1012 1370 1099 1418 suam
1130 1351 1279 1431 extendit,

154 1492 295 1555 opusque
318 1474 632 1555 desperatum-quusi
656 1493 712 1555 per
734 1475 870 1540 medium
899 1474 1046 1540 incedens
1068 1471 1198 1552 pelagus
1221 1471 1279 1536 deo

155 1593 282 1658 lauente
304 1595 412 1667 erexit,
436 1601 644 1674 receptasque
659 1602 803 1661 ueterum
819 1596 990 1660 sententias
1006 1595 1149 1659 inunum
1165 1591 1278 1656 librum

111 1713 135 1762 3·
156 1715 266 1792 coegit.
323 1715 353 1778 3.
387 1713 485 1796 quue
521 1715 697 1780 faciendum
738 1715 928 1780 Tribuniauo
959 1711 1185 1794 gloriosissimo
1214 1729 1277 1776 ma·
1297 1731 1329 1782 10

153 1833 251 1912 gistro
282 1839 314 1897 et
342 1853 379 1898 ex
407 1841 574 1914 quaestore
597 1834 679 1899 sacri
702 1833 810 1916 palatii
834 1836 997 1912 commisit,
1020 1835 1157 1913 itemque
1178 1831 1278 1897 Theo-

153 1951 237 2033 philo
259 1973 296 2018 ac
320 1955 477 2020 Dorotheo
501 1956 579 2020 uiris
601 1955 775 2020 illustribus
798 1960 830 2019 et
852 1953 1113 2020 antecessoribus.
1144 1970 1277 2038 quorum

152 2075 291 2140 omnium
326 2075 498 2141 sollertiam
526 2083 558 2140 et
587 2075 690 2156 legum
718 2075 878 2140 scientiam
911 2080 943 2138 et
975 2074 1058 2138 eirca
1090 2071 1277 2153 principales

151 2194 305 2261 iussiones
320 2196 411 2261 fidem
428 2217 466 2261 ex
481 2195 588 2260 multis
604 2201 751 2276 expertus
766 2193 996 2259 sacratissimus
1011 2194 1155 2274 princeps
1171 2197 1277 2256 noster

151 2318 355 2396 argumentis
378 2318 424 2382 eis
446 2315 636 2388 conuocatis,
659 2315 837 2397 specialiter
858 2313 1020 2379 mandauit
1037 2319 1071 2377 ut
1087 2311 1155 2378 eius
1171 2319 1277 2378 aucto·
1296 2324 1327 2375 15

150 2438 245 2500 ritate
267 2438 396 2516 eiusque
418 2437 625 2516 obsequentes
648 2434 846 2500 suasionibus
862 2434 1088 2510 institutiones,
1110 2433 1194 2498 idest
1216 2432 1276 2499 ele-

151 2561 256 2620 menta
277 2555 354 2619 iuris
377 2564 606 2636 componerent.
651 2561 687 2618 ut
709 2555 816 2620 liceret
839 2555 1090 2620 adulescentibus
1112 2554 1214 2634 prime
1234 2551 1277 2618 le·

150 2696 224 2756 gum
247 2677 375 2741 exordia
398 2695 457 2740 non
482 2677 521 2742 ab
544 2674 682 2757 antiquis
705 2675 818 2740 fabulis
840 2675 936 2757 (quae
957 2673 1039 2740 enim
1062 2672 1135 2738 olim
1157 2671 1277 2753 optine-

151 2797 227 2860 bant
248 2815 331 2860 nunc
354 2814 430 2861 uero
454 2798 486 2860 in
509 2796 748 2861 desuetudinem
771 2794 918 2861 abierunt
938 2793 1079 2876 legentes
1100 2790 1216 2858 similes
1238 2793 1277 2857 iis

151 2924 225 2979 suut
247 2915 302 2997 qui
323 2916 444 2981 fabulas
460 2917 704 2996 nanciscuntur),
727 2921 776 2980 set
797 2917 837 2980 ab
859 2913 1012 2997 imperiali
1034 2912 1199 2996 splendore
1222 2931 1275 2996 ap-
1292 2928 1326 2979 20

150 3042 271 3115 petere3
299 3045 426 3119 tamque
454 3057 560 3102 eorum
584 3056 676 3102 aures
706 3055 801 3116 quam
823 3037 944 3100 animae
966 3035 1042 3100 nihil
1063 3033 1175 3099 inutile
1197 3027 1274 3096 nihil

149 3173 313 3237 perperam
336 3157 482 3238 positum,
506 3164 555 3222 set
576 3157 658 3238 quod
681 3159 711 3222 in
739 3159 808 3240 ipsa
830 3176 935 3223 rerum
957 3156 1183 3223 consuetudine
1206 3174 1276 3220 uer·

149 3282 237 3340 setur
260 3278 446 3358 acciperent.
477 3284 510 3342 et
533 3277 616 3359 quod
633 3278 705 3342 olim
728 3276 782 3342 uix
804 3282 876 3357 post
898 3263 1101 3357 triennium'1)
1125 3274 1275 3342 studiosis

148 3398 366 3479 contingebat,
394 3405 430 3462 ut
457 3404 529 3479 post
557 3399 624 3463 eius
651 3397 800 3480 temporis
827 3399 1008 3476 decursum,
1036 3395 1275 3474 constitutiones

149 3517 337 3598 principales
360 3519 510 3598 legerent,
533 3518 592 3584 hoc
614 3537 696 3582 nunc
718 3537 757 3582 ex
777 3516 847 3598 ipso
875 3536 996 3596 rerum,
1023 3524 1059 3581 ut
1087 3516 1134 3583 ita
1164 3517 1274 3596 dicam,
1292 3537 1325 3588 25

148 3637 317 3716 primordio
340 3637 576 3719 aggrediuntur,
593 3641 680 3702 tanto
696 3637 782 3719 digni
797 3637 914 3702 honore
930 3643 1080 3717 tantaque
1102 3638 1275 3718 gaudentes

148 3755 298 3821 felicitate
321 3762 357 3820 ut
380 3763 411 3820 et
426 3756 530 3839 legum
546 3756 670 3821 initium
692 3775 864 3839 earumque
878 3757 1064 3824 eruditionis
1079 3757 1149 3824 finis
1164 3757 1276 3840 ipsisa

150 3895 225 3942 uoce
248 3876 414 3957 principali
436 3877 594 3958 procedat.
618 3896 766 3957 praesens
782 3879 863 3943 enim
879 3895 1003 3958 quoque
1026 3878 1276 3958 compendiume

218 4118 241 4181 1)
260 4115 276 4170 l.
297 4114 532 4185 »quadriennium«
554 4132 589 4170 cx
606 4116 651 4174 lat.
671 4117 735 4171 lust.
