<?xml version="1.0" encoding="UTF-8"?>
<!DOCTYPE html PUBLIC "-//W3C//DTD XHTML 1.0 Transitional//EN"
    "http://www.w3.org/TR/xhtml1/DTD/xhtml1-transitional.dtd">
<html xmlns="http://www.w3.org/1999/xhtml" xml:lang="en" lang="en">
 <head>
  <title>
</title>
<meta http-equiv="Content-Type" content="text/html;charset=utf-8" />
  <meta name='ocr-system' content='tesseract 3.04.00' />
  <meta name='ocr-capabilities' content='ocr_page ocr_carea ocr_par ocr_line ocrx_word'/>
</head>
<body>
  <div class='ocr_page' id='page_1' title='image "./institutionumgr00linggoog_0035.png"; bbox 0 0 3096 4890; ppageno 0'>
   <div class='ocr_carea' id='block_1_1' title="bbox 185 1267 1246 1382">
    <p class='ocr_par' dir='ltr' id='par_1_1' title="bbox 185 1267 1246 1382">
     <span class='ocr_line' id='line_1_1' title="bbox 185 1267 1246 1382; baseline 0.004 -28"><span class='ocrx_word' id='word_1_1' title='bbox 185 1267 449 1354; x_wconf 83' lang='lat' dir='ltr'>Constitutio</span> <span class='ocrx_word' id='word_1_2' title='bbox 482 1299 568 1382; x_wconf 90' lang='lat' dir='ltr'>qua</span> <span class='ocrx_word' id='word_1_3' title='bbox 601 1270 907 1356; x_wconf 90' lang='lat' dir='ltr'>confirmantur</span> <span class='ocrx_word' id='word_1_4' title='bbox 937 1271 1246 1360; x_wconf 86' lang='lat' dir='ltr'>Institutiones.</span> 
     </span>
    </p>
   </div>
   <div class='ocr_carea' id='block_1_2' title="bbox 114 1643 1335 3670">
    <p class='ocr_par' dir='ltr' id='par_1_2' title="bbox 155 1643 1334 2348">
     <span class='ocr_line' id='line_1_2' title="bbox 155 1643 1283 1746; baseline 0.009 -20"><span class='ocrx_word' id='word_1_5' title='bbox 155 1643 387 1746; x_wconf 77' lang='lat' dir='ltr'><strong>Imperatoriae</strong></span> <span class='ocrx_word' id='word_1_6' title='bbox 399 1666 573 1732; x_wconf 90' lang='lat' dir='ltr'>maiestatis</span> <span class='ocrx_word' id='word_1_7' title='bbox 585 1673 635 1731; x_wconf 88' lang='lat' dir='ltr'>est</span> <span class='ocrx_word' id='word_1_8' title='bbox 650 1685 711 1732; x_wconf 92' lang='lat' dir='ltr'>non</span> <span class='ocrx_word' id='word_1_9' title='bbox 728 1667 828 1732; x_wconf 92' lang='lat' dir='ltr'>solum</span> <span class='ocrx_word' id='word_1_10' title='bbox 843 1666 940 1732; x_wconf 90' lang='lat' dir='ltr'>armis</span> <span class='ocrx_word' id='word_1_11' title='bbox 955 1669 1108 1742; x_wconf 88' lang='lat' dir='ltr'>decorari,</span> <span class='ocrx_word' id='word_1_12' title='bbox 1124 1676 1173 1734; x_wconf 89' lang='lat' dir='ltr'>set</span> <span class='ocrx_word' id='word_1_13' title='bbox 1188 1669 1283 1738; x_wconf 89' lang='lat' dir='ltr'>etiam</span> 
     </span>
     <span class='ocr_line' id='line_1_3' title="bbox 155 1784 1284 1883; baseline 0.007 -33"><span class='ocrx_word' id='word_1_14' title='bbox 155 1785 278 1883; x_wconf 83' lang='lat' dir='ltr'>legibus</span> <span class='ocrx_word' id='word_1_15' title='bbox 300 1784 430 1863; x_wconf 90' lang='lat' dir='ltr'>armari,</span> <span class='ocrx_word' id='word_1_16' title='bbox 454 1791 490 1849; x_wconf 88' lang='lat' dir='ltr'>ut</span> <span class='ocrx_word' id='word_1_17' title='bbox 513 1793 681 1868; x_wconf 89' lang='lat' dir='ltr'>utrumque</span> <span class='ocrx_word' id='word_1_18' title='bbox 712 1794 836 1867; x_wconf 88' lang='lat' dir='ltr'>tempus</span> <span class='ocrx_word' id='word_1_19' title='bbox 864 1792 897 1851; x_wconf 88' lang='lat' dir='ltr'>et</span> <span class='ocrx_word' id='word_1_20' title='bbox 924 1785 997 1852; x_wconf 89' lang='lat' dir='ltr'>belli</span> <span class='ocrx_word' id='word_1_21' title='bbox 1024 1794 1056 1853; x_wconf 92' lang='lat' dir='ltr'>et</span> <span class='ocrx_word' id='word_1_22' title='bbox 1083 1789 1170 1870; x_wconf 81' lang='lat' dir='ltr'><strong>pacis</strong></span> <span class='ocrx_word' id='word_1_23' title='bbox 1199 1797 1284 1858; x_wconf 85' lang='lat' dir='ltr'>recte</span> 
     </span>
     <span class='ocr_line' id='line_1_4' title="bbox 155 1906 1283 1988; baseline 0.005 -17"><span class='ocrx_word' id='word_1_24' title='bbox 155 1906 255 1987; x_wconf 83' lang='lat' dir='ltr'>possit</span> <span class='ocrx_word' id='word_1_25' title='bbox 277 1906 463 1986; x_wconf 87' lang='lat' dir='ltr'>gubernari,</span> <span class='ocrx_word' id='word_1_26' title='bbox 494 1910 526 1972; x_wconf 92' lang='lat' dir='ltr'>et</span> <span class='ocrx_word' id='word_1_27' title='bbox 547 1907 691 1988; x_wconf 87' lang='lat' dir='ltr'>princeps</span> <span class='ocrx_word' id='word_1_28' title='bbox 721 1925 919 1972; x_wconf 88' lang='lat' dir='ltr'>romanorum</span> <span class='ocrx_word' id='word_1_29' title='bbox 950 1907 1053 1972; x_wconf 86' lang='lat' dir='ltr'>uictor</span> <span class='ocrx_word' id='word_1_30' title='bbox 1079 1907 1195 1974; x_wconf 84' lang='lat' dir='ltr'>existat</span> <span class='ocrx_word' id='word_1_31' title='bbox 1222 1930 1283 1977; x_wconf 93' lang='lat' dir='ltr'>non</span> 
     </span>
     <span class='ocr_line' id='line_1_5' title="bbox 156 2025 1285 2107; baseline 0.008 -18"><span class='ocrx_word' id='word_1_32' title='bbox 156 2026 256 2092; x_wconf 86' lang='lat' dir='ltr'>solum</span> <span class='ocrx_word' id='word_1_33' title='bbox 283 2025 316 2090; x_wconf 95' lang='lat' dir='ltr'>in</span> <span class='ocrx_word' id='word_1_34' title='bbox 339 2025 506 2091; x_wconf 84' lang='lat' dir='ltr'>hostilibus</span> <span class='ocrx_word' id='word_1_35' title='bbox 529 2025 668 2106; x_wconf 62' lang='lat' dir='ltr'>proelia</span> <span class='ocrx_word' id='word_1_36' title='bbox 692 2032 741 2092; x_wconf 89' lang='lat' dir='ltr'>set</span> <span class='ocrx_word' id='word_1_37' title='bbox 763 2028 857 2092; x_wconf 88' lang='lat' dir='ltr'>etiam</span> <span class='ocrx_word' id='word_1_38' title='bbox 888 2043 945 2106; x_wconf 91' lang='lat' dir='ltr'>per</span> <span class='ocrx_word' id='word_1_39' title='bbox 971 2025 1112 2107; x_wconf 85' lang='lat' dir='ltr'>legitima</span> <span class='ocrx_word' id='word_1_40' title='bbox 1139 2029 1285 2098; x_wconf 85' lang='lat' dir='ltr'>instituta</span> 
     </span>
     <span class='ocr_line' id='line_1_6' title="bbox 156 2144 1334 2228; baseline 0.003 -20"><span class='ocrx_word' id='word_1_41' title='bbox 156 2145 412 2212; x_wconf 90' lang='lat' dir='ltr'>calumniantium</span> <span class='ocrx_word' id='word_1_42' title='bbox 434 2146 617 2228; x_wconf 78' lang='lat' dir='ltr'>iniquitates</span> <span class='ocrx_word' id='word_1_43' title='bbox 641 2146 796 2228; x_wconf 88' lang='lat' dir='ltr'>expellens</span> <span class='ocrx_word' id='word_1_44' title='bbox 825 2152 857 2212; x_wconf 88' lang='lat' dir='ltr'>et</span> <span class='ocrx_word' id='word_1_45' title='bbox 882 2153 947 2210; x_wconf 93' lang='lat' dir='ltr'>tam</span> <span class='ocrx_word' id='word_1_46' title='bbox 968 2144 1090 2227; x_wconf 83' lang='lat' dir='ltr'>legibus</span> <span class='ocrx_word' id='word_1_47' title='bbox 1114 2146 1170 2213; x_wconf 88' lang='lat' dir='ltr'>liat</span> <span class='ocrx_word' id='word_1_48' title='bbox 1191 2168 1283 2217; x_wconf 88' lang='lat' dir='ltr'>uene·</span> <span class='ocrx_word' id='word_1_49' title='bbox 1318 2162 1334 2211; x_wconf 85' lang='lat' dir='ltr'>o</span> 
     </span>
     <span class='ocr_line' id='line_1_7' title="bbox 156 2264 904 2348; baseline 0.001 -20"><span class='ocrx_word' id='word_1_50' title='bbox 156 2264 265 2329; x_wconf 89' lang='lat' dir='ltr'>rabilis</span> <span class='ocrx_word' id='word_1_51' title='bbox 288 2285 382 2348; x_wconf 91' lang='lat' dir='ltr'>quam</span> <span class='ocrx_word' id='word_1_52' title='bbox 404 2266 498 2332; x_wconf 90' lang='lat' dir='ltr'>uictis</span> <span class='ocrx_word' id='word_1_53' title='bbox 522 2267 662 2332; x_wconf 87' lang='lat' dir='ltr'>hostibus</span> <span class='ocrx_word' id='word_1_54' title='bbox 686 2266 904 2348; x_wconf 86' lang='lat' dir='ltr'>triumphator.</span> 
     </span>
    </p>

    <p class='ocr_par' dir='ltr' id='par_1_3' title="bbox 119 2387 1335 3191">
     <span class='ocr_line' id='line_1_8' title="bbox 119 2387 1285 2470; baseline 0.004 -23"><span class='ocrx_word' id='word_1_55' title='bbox 119 2394 138 2442; x_wconf 87' lang='lat'>1.</span> <span class='ocrx_word' id='word_1_56' title='bbox 246 2388 274 2448; x_wconf 93' lang='lat'>1.</span> <span class='ocrx_word' id='word_1_57' title='bbox 308 2387 447 2465; x_wconf 82' lang='lat' dir='ltr'>Quorum</span> <span class='ocrx_word' id='word_1_58' title='bbox 478 2396 644 2470; x_wconf 88' lang='lat' dir='ltr'>utramque</span> <span class='ocrx_word' id='word_1_59' title='bbox 672 2389 754 2453; x_wconf 92' lang='lat' dir='ltr'>uiam</span> <span class='ocrx_word' id='word_1_60' title='bbox 785 2406 855 2452; x_wconf 94' lang='lat' dir='ltr'>cum</span> <span class='ocrx_word' id='word_1_61' title='bbox 887 2388 1017 2452; x_wconf 89' lang='lat' dir='ltr'>summis</span> <span class='ocrx_word' id='word_1_62' title='bbox 1043 2387 1161 2469; x_wconf 85' lang='lat' dir='ltr'>uigiliis</span> <span class='ocrx_word' id='word_1_63' title='bbox 1190 2388 1285 2452; x_wconf 86' lang='lat' dir='ltr'>mari-</span> 
     </span>
     <span class='ocr_line' id='line_1_9' title="bbox 156 2506 1284 2589; baseline 0.004 -20"><span class='ocrx_word' id='word_1_64' title='bbox 156 2524 269 2588; x_wconf 88' lang='lat' dir='ltr'>maque</span> <span class='ocrx_word' id='word_1_65' title='bbox 292 2506 469 2572; x_wconf 90' lang='lat' dir='ltr'>futurorum</span> <span class='ocrx_word' id='word_1_66' title='bbox 491 2507 699 2589; x_wconf 88' lang='lat' dir='ltr'>prouidentia,</span> <span class='ocrx_word' id='word_1_67' title='bbox 723 2509 881 2574; x_wconf 82' lang='lat' dir='ltr'>adnuente</span> <span class='ocrx_word' id='word_1_68' title='bbox 903 2507 977 2586; x_wconf 92' lang='lat' dir='ltr'>deo,</span> <span class='ocrx_word' id='word_1_69' title='bbox 1007 2514 1115 2572; x_wconf 87' lang='lat' dir='ltr'>noster</span> <span class='ocrx_word' id='word_1_70' title='bbox 1141 2508 1284 2588; x_wconf 88' lang='lat' dir='ltr'>princeps</span> 
     </span>
     <span class='ocr_line' id='line_1_10' title="bbox 156 2625 1284 2710; baseline 0.004 -21"><span class='ocrx_word' id='word_1_71' title='bbox 156 2625 294 2705; x_wconf 88' lang='lat' dir='ltr'>perfecit.</span> <span class='ocrx_word' id='word_1_72' title='bbox 324 2627 455 2710; x_wconf 87' lang='lat' dir='ltr'>eiusque</span> <span class='ocrx_word' id='word_1_73' title='bbox 477 2627 508 2692; x_wconf 94' lang='lat' dir='ltr'>in</span> <span class='ocrx_word' id='word_1_74' title='bbox 532 2629 621 2693; x_wconf 92' lang='lat' dir='ltr'>bellis</span> <span class='ocrx_word' id='word_1_75' title='bbox 644 2627 776 2693; x_wconf 90' lang='lat' dir='ltr'>sudores</span> <span class='ocrx_word' id='word_1_76' title='bbox 799 2629 982 2694; x_wconf 79' lang='lat' dir='ltr'>barbaricae</span> <span class='ocrx_word' id='word_1_77' title='bbox 1004 2633 1113 2708; x_wconf 82' lang='lat' dir='ltr'>gentes</span> <span class='ocrx_word' id='word_1_78' title='bbox 1137 2627 1168 2691; x_wconf 95' lang='lat' dir='ltr'>in</span> <span class='ocrx_word' id='word_1_79' title='bbox 1192 2628 1284 2694; x_wconf 87' lang='lat' dir='ltr'>dicio-</span> 
     </span>
     <span class='ocr_line' id='line_1_11' title="bbox 156 2745 1335 2830; baseline 0.003 -21"><span class='ocrx_word' id='word_1_80' title='bbox 156 2766 226 2812; x_wconf 93' lang='lat' dir='ltr'>nem</span> <span class='ocrx_word' id='word_1_81' title='bbox 238 2748 385 2813; x_wconf 86' lang='lat' dir='ltr'>redactae</span> <span class='ocrx_word' id='word_1_82' title='bbox 396 2749 592 2830; x_wconf 87' lang='lat' dir='ltr'>proclamant</span> <span class='ocrx_word' id='word_1_83' title='bbox 602 2747 810 2830; x_wconf 89' lang='lat' dir='ltr'>potentiorem</span> <span class='ocrx_word' id='word_1_84' title='bbox 823 2752 980 2830; x_wconf 84' lang='lat' dir='ltr'>expertae.</span> <span class='ocrx_word' id='word_1_85' title='bbox 995 2748 1090 2830; x_wconf 88' lang='lat' dir='ltr'>idque</span> <span class='ocrx_word' id='word_1_86' title='bbox 1101 2754 1166 2812; x_wconf 85' lang='lat' dir='ltr'>tam</span> <span class='ocrx_word' id='word_1_87' title='bbox 1178 2745 1284 2812; x_wconf 85' lang='lat' dir='ltr'>Africa</span> <span class='ocrx_word' id='word_1_88' title='bbox 1304 2762 1335 2812; x_wconf 90' lang='lat' dir='ltr'>ro</span> 
     </span>
     <span class='ocr_line' id='line_1_12' title="bbox 156 2868 1282 2951; baseline 0.003 -21"><span class='ocrx_word' id='word_1_89' title='bbox 156 2885 248 2947; x_wconf 90' lang='lat' dir='ltr'>quam</span> <span class='ocrx_word' id='word_1_90' title='bbox 276 2868 358 2934; x_wconf 91' lang='lat' dir='ltr'>aliae</span> <span class='ocrx_word' id='word_1_91' title='bbox 380 2870 599 2935; x_wconf 86' lang='lat' dir='ltr'>innumerosae</span> <span class='ocrx_word' id='word_1_92' title='bbox 621 2870 802 2951; x_wconf 88' lang='lat' dir='ltr'>prouinciae</span> <span class='ocrx_word' id='word_1_93' title='bbox 824 2875 896 2950; x_wconf 91' lang='lat' dir='ltr'>post</span> <span class='ocrx_word' id='word_1_94' title='bbox 917 2869 1017 2934; x_wconf 90' lang='lat' dir='ltr'>multa</span> <span class='ocrx_word' id='word_1_95' title='bbox 1038 2887 1191 2935; x_wconf 91' lang='lat' dir='ltr'>annorum</span> <span class='ocrx_word' id='word_1_96' title='bbox 1215 2887 1282 2933; x_wconf 91' lang='lat' dir='ltr'>cur·</span> 
     </span>
     <span class='ocr_line' id='line_1_13' title="bbox 156 2986 1283 3070; baseline 0.001 -19"><span class='ocrx_word' id='word_1_97' title='bbox 156 2986 255 3052; x_wconf 88' lang='lat' dir='ltr'>ricula</span> <span class='ocrx_word' id='word_1_98' title='bbox 290 2989 359 3054; x_wconf 91' lang='lat' dir='ltr'>eius</span> <span class='ocrx_word' id='word_1_99' title='bbox 392 2989 533 3053; x_wconf 89' lang='lat' dir='ltr'>uictoriis</span> <span class='ocrx_word' id='word_1_100' title='bbox 561 2988 714 3053; x_wconf 90' lang='lat' dir='ltr'>diuinitus</span> <span class='ocrx_word' id='word_1_101' title='bbox 750 2988 911 3070; x_wconf 89' lang='lat' dir='ltr'>praestitis</span> <span class='ocrx_word' id='word_1_102' title='bbox 946 2989 1060 3053; x_wconf 89' lang='lat' dir='ltr'>iterum</span> <span class='ocrx_word' id='word_1_103' title='bbox 1091 2986 1206 3053; x_wconf 90' lang='lat' dir='ltr'>dicioni</span> <span class='ocrx_word' id='word_1_104' title='bbox 1236 3005 1283 3052; x_wconf 91' lang='lat' dir='ltr'>ro·</span> 
     </span>
     <span class='ocr_line' id='line_1_14' title="bbox 156 3105 1284 3191; baseline -0.002 -20"><span class='ocrx_word' id='word_1_105' title='bbox 156 3127 267 3173; x_wconf 87' lang='lat' dir='ltr'>manae</span> <span class='ocrx_word' id='word_1_106' title='bbox 282 3108 413 3189; x_wconf 86' lang='lat' dir='ltr'>eiusque</span> <span class='ocrx_word' id='word_1_107' title='bbox 436 3110 562 3174; x_wconf 88' lang='lat' dir='ltr'>additae</span> <span class='ocrx_word' id='word_1_108' title='bbox 584 3109 716 3191; x_wconf 91' lang='lat' dir='ltr'>imperio</span> <span class='ocrx_word' id='word_1_109' title='bbox 739 3115 965 3190; x_wconf 87' lang='lat' dir='ltr'>protestantur.</span> <span class='ocrx_word' id='word_1_110' title='bbox 993 3126 1162 3190; x_wconf 89' lang='lat' dir='ltr'>omnesque</span> <span class='ocrx_word' id='word_1_111' title='bbox 1177 3105 1284 3188; x_wconf 91' lang='lat' dir='ltr'>populi</span> 
     </span>
    </p>

    <p class='ocr_par' dir='ltr' id='par_1_4' title="bbox 114 3223 1285 3312">
     <span class='ocr_line' id='line_1_15' title="bbox 114 3223 1285 3312; baseline -0.002 -22"><span class='ocrx_word' id='word_1_112' title='bbox 114 3235 136 3283; x_wconf 81' lang='lat'>2·</span> <span class='ocrx_word' id='word_1_113' title='bbox 156 3226 279 3309; x_wconf 88' lang='lat' dir='ltr'>legibus</span> <span class='ocrx_word' id='word_1_114' title='bbox 307 3231 346 3294; x_wconf 93' lang='lat' dir='ltr'>ab</span> <span class='ocrx_word' id='word_1_115' title='bbox 376 3248 413 3294; x_wconf 90' lang='lat' dir='ltr'>eo</span> <span class='ocrx_word' id='word_1_116' title='bbox 440 3229 648 3310; x_wconf 84' lang='lat' dir='ltr'>promulgatis</span> <span class='ocrx_word' id='word_1_117' title='bbox 675 3248 730 3294; x_wconf 88' lang='lat' dir='ltr'>seu</span> <span class='ocrx_word' id='word_1_118' title='bbox 760 3228 941 3312; x_wconf 90' lang='lat' dir='ltr'>compositis</span> <span class='ocrx_word' id='word_1_119' title='bbox 971 3233 1133 3310; x_wconf 82' lang='lat' dir='ltr'>reguntur.</span> <span class='ocrx_word' id='word_1_120' title='bbox 1178 3225 1207 3287; x_wconf 82' lang='lat'>2.</span> <span class='ocrx_word' id='word_1_121' title='bbox 1241 3223 1285 3290; x_wconf 80' lang='lat' dir='ltr'>Et</span> 
     </span>
    </p>

    <p class='ocr_par' dir='ltr' id='par_1_5' title="bbox 116 3344 1334 3670">
     <span class='ocr_line' id='line_1_16' title="bbox 116 3344 1334 3428; baseline 0.002 -19"><span class='ocrx_word' id='word_1_122' title='bbox 116 3351 117 3356; x_wconf 77' lang='grc'>’</span> <span class='ocrx_word' id='word_1_123' title='bbox 156 3346 345 3428; x_wconf 82' lang='lat' dir='ltr'>principales</span> <span class='ocrx_word' id='word_1_124' title='bbox 374 3348 501 3428; x_wconf 84' lang='lat' dir='ltr'>quidem</span> <span class='ocrx_word' id='word_1_125' title='bbox 531 3347 773 3413; x_wconf 86' lang='lat' dir='ltr'>constitutiones</span> <span class='ocrx_word' id='word_1_126' title='bbox 800 3354 894 3414; x_wconf 89' lang='lat' dir='ltr'>antea</span> <span class='ocrx_word' id='word_1_127' title='bbox 919 3347 1066 3412; x_wconf 88' lang='lat' dir='ltr'>confusas</span> <span class='ocrx_word' id='word_1_128' title='bbox 1091 3354 1123 3412; x_wconf 90' lang='lat' dir='ltr'>et</span> <span class='ocrx_word' id='word_1_129' title='bbox 1149 3344 1283 3410; x_wconf 90' lang='lat' dir='ltr'>inuicem</span> <span class='ocrx_word' id='word_1_130' title='bbox 1304 3367 1334 3418; x_wconf 79' lang='lat'>15</span> 
     </span>
     <span class='ocr_line' id='line_1_17' title="bbox 155 3466 1282 3547; baseline 0 -17"><span class='ocrx_word' id='word_1_131' title='bbox 155 3473 366 3547; x_wconf 87' lang='lat' dir='ltr'>repugnantes</span> <span class='ocrx_word' id='word_1_132' title='bbox 397 3469 428 3530; x_wconf 93' lang='lat' dir='ltr'>in</span> <span class='ocrx_word' id='word_1_133' title='bbox 458 3466 649 3533; x_wconf 90' lang='lat' dir='ltr'>luculentam</span> <span class='ocrx_word' id='word_1_134' title='bbox 679 3467 804 3532; x_wconf 87' lang='lat' dir='ltr'>reduxit</span> <span class='ocrx_word' id='word_1_135' title='bbox 825 3466 1071 3533; x_wconf 85' lang='lat' dir='ltr'>consonantiam.</span> <span class='ocrx_word' id='word_1_136' title='bbox 1107 3473 1172 3532; x_wconf 88' lang='lat' dir='ltr'>tras</span> <span class='ocrx_word' id='word_1_137' title='bbox 1201 3467 1282 3532; x_wconf 93' lang='lat' dir='ltr'>enim</span> 
     </span>
     <span class='ocr_line' id='line_1_18' title="bbox 156 3587 1283 3670; baseline -0.002 -18"><span class='ocrx_word' id='word_1_138' title='bbox 156 3598 226 3653; x_wconf 84' lang='lat' dir='ltr'>oum</span> <span class='ocrx_word' id='word_1_139' title='bbox 259 3595 364 3652; x_wconf 86' lang='lat' dir='ltr'>essent</span> <span class='ocrx_word' id='word_1_140' title='bbox 398 3588 535 3667; x_wconf 81' lang='lat' dir='ltr'>conloca,</span> <span class='ocrx_word' id='word_1_141' title='bbox 572 3587 784 3668; x_wconf 83' lang='lat' dir='ltr'>Gregorianus</span> <span class='ocrx_word' id='word_1_142' title='bbox 814 3607 926 3670; x_wconf 91' lang='lat' dir='ltr'>nempe</span> <span class='ocrx_word' id='word_1_143' title='bbox 954 3587 1223 3668; x_wconf 82' lang='lat' dir='ltr'>Hermogenianus</span> <span class='ocrx_word' id='word_1_144' title='bbox 1250 3593 1283 3652; x_wconf 87' lang='lat' dir='ltr'>et</span> 
     </span>
    </p>
   </div>
   <div class='ocr_carea' id='block_1_3' title="bbox 0 0 1558 4890">
    <p class='ocr_par' dir='ltr' id='par_1_6' title="bbox 0 0 1558 4890">
     <span class='ocr_line' id='line_1_19' title="bbox 0 0 1558 4890; baseline 0 0"><span class='ocrx_word' id='word_1_145' title='bbox 0 0 1558 4890; x_wconf 95' lang='lat' dir='ltr'> </span> 
     </span>
    </p>
   </div>
  </div>
 </body>
</html>
