3022 4884
552 455 604 498 ,—
651 421 712 484 127
756 455 798 470 —

122 611 234 672 ucutur
255 613 312 672 eut
334 611 493 676 uetustate
515 611 673 686 corruant,
695 605 893 672 ususfructus
920 606 1114 690 extinguitur
1134 607 1181 674 ita
1203 614 1239 674 ut

122 739 217 803 neque
238 741 332 789 ureae
354 723 551 790 ususfructus
573 723 748 790 fructuario
770 731 930 802 seruetur,
954 741 1015 793 uon
1039 725 1121 792 euim
1144 744 1238 793 creec

87 852 109 900 4.
124 849 167 906 set
187 839 314 907 sedium
336 841 535 908 ususfructus
557 841 586 908 ci
608 859 716 907 cessus
737 847 796 908 est.
837 843 868 905 4.
902 839 980 907 Oum
1002 849 1108 910 eutem
1129 842 1238 912 finitus

121 957 210 1024 fucrit
231 957 433 1042 ususfructus
454 959 596 1040 quolibet
617 935 660 1025 eu¹
677 959 724 1025 bis
754 959 870 1038 modis,
900 961 1072 1030 reuertitur
1097 962 1139 1027 ed
1167 981 1239 1044 pro·

120 1077 281 1158 prietatem
304 1082 395 1144 etex
417 1096 454 1144 eo
477 1083 619 1160 tempore
645 1078 691 1145 rei
720 1079 863 1144 dominnm
889 1077 999 1161 incipit
1023 1078 1238 1161 plenissimam
1272 1080 1289 1132 ὅ

120 1194 230 1260 hebere
252 1195 287 1260 in
309 1213 343 1261 re
357 1200 556 1278 potestatem,
578 1196 662 1264 idest
679 1201 784 1280 potest
808 1198 901 1263 etium
923 1195 1044 1264 fructus
1067 1198 1237 1280 percipere.

120 1317 208 1378 cutes
229 1330 309 1380 uero
329 1331 401 1380 cnm
422 1314 545 1381 fructus
560 1315 720 1398 percipere
734 1315 882 1398 nequiret
903 1333 965 1383 nou
986 1315 1154 1382 uidebatur
1175 1315 1238 1398 ple·

120 1447 186 1494 nem
208 1437 399 1510 potestatem
420 1432 454 1497 in
476 1433 658 1514 rehabere.

362 2032 409 2098 Dc
431 2048 491 2097 usu
512 2036 546 2098 et
566 2031 789 2099 habitatione
817 2033 940 2100 Titulus
962 2034 991 2098 5.

202 2219 282 2283 Post
303 2215 475 2284 seruitutes
501 2221 534 2282 ct
562 2215 789 2284 usumfructum
812 2235 1007 2302 consequeus
1035 2223 1085 2284 est
1114 2216 1154 2282 de
1180 2235 1240 2282 usu

121 2343 151 2401 et
183 2335 380 2402 habitatione
416 2341 563 2400 tractare
622 2353 698 2402 neus
740 2336 840 2402 isdem
883 2337 984 2402 modis
1027 2335 1293 2414 constituturum

121 2454 232 2533 quibus
266 2459 299 2519 et
330 2451 513 2518 usufructus
549 2458 582 2518 ct
613 2452 714 2518 isdem
746 2453 861 2536 quibus
890 2459 922 2520 et
954 2451 1153 2518 ususfructus
1186 2455 1240 2521 dc-

85 2584 104 2634 1.
120 2571 198 2636 sinit
256 2575 286 2634 1.
331 2571 438 2638 Minus
470 2571 551 2638 lucri
592 2577 641 2636 est
676 2572 709 2636 in
745 2590 822 2651 usu,
859 2588 952 2652 quam
991 2572 1023 2637 in
1059 2569 1239 2638 usufructu:

119 2684 251 2770 nouique
287 2689 315 2754 is
351 2690 407 2772 qui
442 2689 532 2755 fundi
568 2707 660 2755 usum
695 2691 791 2757 babet
826 2688 903 2755 nibil
947 2688 1080 2755 ulterius
1122 2681 1241 2756 bebere

118 2813 235 2888 potest,
267 2825 361 2890 qucm
395 2814 431 2876 ut
462 2808 578 2874 ibidem
606 2808 689 2873 nutis
715 2808 853 2875 oleribus
878 2808 978 2890 pomis
1009 2806 1140 2874 fioribus
1169 2807 1240 2877 feno

118 2925 298 2994 eumenus
338 2926 432 3010 lignis
470 2933 624 3009 qnantum
666 2928 707 2993 cd
748 2943 841 2992 usum
880 2926 1087 3014 cottidianum
1125 2925 1240 2994 sufficit
1259 2932 1291 2984 15

119 3048 233 3110 utatur.
278 3043 433 3111 hactenus
453 3051 559 3111 eutem
580 3044 655 3112 licet
681 3046 710 3112 ci
732 3044 849 3111 morari
874 3044 908 3110 iu
936 3044 1051 3125 fundo,
1080 3049 1116 3109 ut
1137 3063 1239 3127 neque

38 3203 40 3208 ·
119 3162 185 3242 agri
215 3166 344 3231 domino
370 3164 521 3230 molestus
549 3163 712 3242 uideatur,
746 3181 848 3246 neque
875 3161 924 3228 bis
951 3181 1008 3244 per
1035 3179 1115 3244 quos
1143 3180 1240 3243 oport

119 3280 235 3348 rustice
270 3280 350 3347 fiunt
385 3281 607 3365 impedimento
640 3283 692 3348 sit.
747 3299 810 3347 nou
842 3280 917 3347 licet
948 3283 1054 3345 eutem
1086 3279 1116 3344 ei
1148 3296 1239 3345 usum

117 3399 254 3466 uendere
275 3406 332 3467 cut
353 3401 457 3469 locare
478 3407 534 3467 eut
556 3401 655 3485 gratis
670 3399 763 3468 ulteri
778 3400 959 3477 concedere,
983 3416 1054 3465 cnm
1076 3416 1178 3481 neque
1199 3397 1238 3477 ei,
