2990 4884
572 427 784 492 ..gg-

274 714 321 784 De
342 712 485 797 legitima
506 719 710 797 patronorum
733 711 843 782 tutela.
887 711 1011 781 Titulus
1034 659 1086 779 li.

204 897 355 967 Libertus
389 899 442 966 uel
474 899 589 967 liberta
617 904 724 967 tutore
756 897 940 980 indigebant
965 900 1043 982 qula
1069 899 1248 984 impuberes

118 1019 224 1086 adhue
257 1025 358 1084 erant.
413 1019 484 1100 quis
511 1035 621 1084 eorum
648 1023 736 1086 tutor
762 1018 847 1084 erit?
874 1035 913 1084 an
943 1021 1031 1086 tutor
1059 1023 1248 1088 testamento

119 1135 237 1205 daus?
264 1135 392 1202 minime
413 1153 505 1217 sane;
532 1135 690 1204 eiusmodi
711 1137 793 1202 enim
816 1141 953 1204 tutorem
974 1136 1002 1202 is
1023 1133 1173 1221 relinquit
1194 1138 1250 1221 qui
1281 1139 1292 1154 “

118 1255 315 1336 impuberem
337 1255 370 1320 in
391 1259 550 1337 potestate
571 1254 705 1336 habeat;
728 1254 762 1319 hi
784 1261 889 1321 autem
911 1257 942 1321 in
960 1253 1079 1322 nullius
1093 1261 1250 1337 potestate

118 1380 203 1452 sunt
228 1381 339 1456 utpote
361 1375 416 1456 qui
436 1375 501 1440 sint
523 1394 561 1441 ex
583 1374 741 1441 seruitute
763 1374 946 1442 manumissi
969 1380 1001 1441 et
1015 1376 1086 1442 ideo
1102 1381 1249 1457 parentes
1284 1389 1301 1444 o

119 1493 238 1559 habere
260 1511 323 1559 non
345 1491 577 1575 intellegantur.
621 1510 661 1558 an
684 1492 838 1576 adgnatos
861 1499 982 1560 tutores
1004 1492 1186 1562 habebunt?
1201 1498 1251 1558 set

119 1611 279 1695 quomodo
301 1611 328 1676 is
351 1610 406 1692 qni
427 1613 574 1693 parentes
597 1630 660 1679 non
687 1613 800 1687 habet,
830 1631 867 1679 ex
895 1621 1077 1679 transuerso
1100 1617 1250 1694 cognatos

120 1731 275 1798 habebit?
296 1751 369 1798 nam
393 1751 431 1798 ex
453 1731 516 1799 illis
538 1731 571 1797 hi
596 1731 800 1800 descendunt.
843 1732 921 1816 quid
949 1731 1048 1815 igitur
1073 1732 1153 1799 iuris
1181 1731 1251 1800 esti

118 1851 172 1916 lex
193 1849 255 1915 XII
278 1850 458 1916 tabularum
482 1855 633 1931 patronos
655 1855 921 1933 patronorumque
943 1851 1058 1919 liberos
1079 1850 1122 1918 ad
1143 1869 1252 1918 eorum

120 1971 255 2037 tutelam
278 1973 381 2036 uocat.
415 1968 550 2035 diximus
573 1970 715 2036 enimin
738 1969 953 2051 superioribus
975 1967 1132 2036 libertatis
1153 1971 1254 2038 datio·
1272 1989 1305 2040 lo

120 2106 193 2154 nem
216 2106 297 2154 onas
321 2087 412 2169 sequi
433 2086 561 2156 tutelae
607 2089 723 2156 dicitur
745 2095 779 2155 et
798 2087 870 2172 ipsa
890 2086 1032 2170 legitima
1059 2090 1158 2156 tutela
1179 2089 1254 2171 quia

121 2208 192 2290 lege
213 2205 279 2274 XII
300 2208 481 2274 tabulam
504 2209 636 2274 inuenta
658 2212 715 2274 est.
740 2213 790 2274 sat
809 2209 872 2274 erit
892 2208 947 2290 qui
968 2205 1069 2274 dicat:
1098 2225 1169 2273 cum
1190 2204 1254 2272 XII

121 2326 304 2393 tabulatum
327 2326 427 2392 uerba
441 2324 638 2408 perlegerim,
662 2325 816 2392 eiusmodi
841 2326 959 2392 tutelae
980 2324 1168 2392 mentionem
1190 2341 1252 2392 nou

121 2445 241 2510 inueni.
270 2450 320 2510 set
341 2443 567 2528 respondemus
593 2444 739 2524 quamuis
772 2461 834 2511 uon
863 2443 1045 2510 nominatim
1070 2443 1121 2510 lex
1147 2443 1188 2510 de
1213 2461 1252 2510 aa

121 2563 280 2644 loquatur,
302 2561 403 2644 liquet
423 2560 455 2628 id
480 2567 585 2628 tamen
615 2581 652 2629 ex
675 2559 742 2628 XII
769 2562 949 2630 tabularum
979 2566 1091 2630 mente.
1135 2561 1253 2644 legitur
1272 2574 1304 2626 lo

123 2681 207 2747 enim
235 2681 269 2747 iu
298 2681 434 2762 quadam
465 2700 573 2748 aarum
601 2688 707 2764 parte:
736 2680 888 2764 siquis
915 2683 1140 2749 intestatus
1167 2680 1252 2748 sins

122 2797 277 2866 liberis
300 2798 491 2877 decessi-t,
515 2798 687 2882 adgnati
708 2799 876 2866 heredes
902 2805 1032 2868 sunto.
1084 2807 1115 2866 et
1143 2817 1253 2866 rursus

123 2917 156 2983 in
178 2916 243 2984 alia
266 2915 403 2998 quadam
425 2924 531 3000 parte:
560 2917 595 2982 si
625 2917 715 2998 quis
745 2922 875 2985 tutore
896 2917 1064 3002 indiget
1087 2918 1254 3000 adgnati

123 3041 283 3102 tutores
306 3042 438 3103 sunto.
476 3038 633 3118 adgnatos
656 3037 763 3120 igitur,
786 3054 865 3120 qnos
892 3038 979 3105 lucro
1001 3036 1186 3104 hereditatis
1208 3036 1254 3103 di·

58 3141 61 3146 ’
124 3156 216 3234 tauit,
238 3154 360 3220 tutelae
382 3172 507 3240 quoque
529 3174 627 3221 onere
653 3155 778 3222 adiecit.
826 3153 903 3222 haec
925 3172 1001 3222 uero
1028 3157 1068 3222 de
1093 3153 1252 3238 ingenuis:
1270 3155 1306 3208 2⁰

123 3275 163 3340 ad
185 3273 319 3340 libertos
341 3280 448 3339 autem
470 3275 643 3357 procedens
657 3273 784 3342 aitiex:
807 3275 842 3340 si
863 3275 1035 3342 libertus
1057 3273 1254 3340 liberisue

124 3392 209 3458 sins
238 3393 384 3459 liberis
410 3392 603 3460 intestati
633 3393 855 3465 moriautur
888 3390 1052 3475 patroni
1079 3392 1253 3460 liberius

123 3516 389 3592 patronorum
410 3513 468 3578 eis
489 3496 658 3578 heredes
685 3517 814 3577 sunto.
858 3511 898 3577 de
919 3511 1019 3577 tutela
1048 3519 1153 3578 autem
1175 3509 1254 3578 nihil

124 3647 161 3694 ea
177 3629 251 3711 lege
275 3635 423 3709 cauetur3
445 3634 495 3696 set
516 3647 586 3696 cum
609 3636 758 3712 patronos
780 3627 820 3696 ad
848 3629 1081 3697 similitudinem
1104 3632 1254 3713 adgnato·

125 3765 195 3812 rum
216 3746 267 3812 lex
290 3747 331 3812 ad
353 3747 580 3814 successionem
601 3749 773 3827 uocauerit,
796 3754 1023 3828 consequenter
1037 3754 1161 3816 ueteres
1176 3748 1253 3832 legis
1271 3767 1306 3822 as

125 3872 261 3932 mentem
291 3866 417 3948 assequi
448 3866 610 3933 studentes
639 3867 748 3933 eodem
770 3867 862 3932 modo
884 3867 978 3934 etiam
999 3868 1115 3936 tutelas
1137 3869 1178 3933 ad
1200 3885 1254 3934 eos

129 3983 286 4063 pertinere
308 3983 466 4052 dixerunt.
512 3983 698 4068 plerumque
721 3985 802 4051 enim
825 3987 880 4051 ubi
902 3986 1109 4057 successionis
1138 3991 1187 4052 est
1208 3986 1255 4052 lu·

1002 4292 1050 4344 10*
