3096 4890
376 1238 480 1340 ἀρχὴ
513 1213 586 1318 σὺν
620 1241 710 1341 Θεῷ
742 1247 814 1342 τῆς
842 1237 872 1318 ἶν’
902 1238 1214 1322 Institutionos.

725 1455 878 1466 ——u-

513 1602 561 1667 De
582 1602 706 1668 iustitia
728 1608 761 1668 et
782 1605 862 1669 iure.
909 1603 1033 1670 Titulus
1058 1610 1086 1669 1.

305 1755 390 1808 Deest
400 1753 445 1808 hie
462 1753 557 1808 titulus
574 1755 602 1808 in
614 1755 744 1822 omnibus,
762 1771 830 1824 quos
841 1755 952 1824 contuli,
970 1755 1114 1825 Theophili
1126 1755 1262 1811 codicibus
1279 1772 1360 1810 manu

237 1839 354 1907 scriptis.
392 1839 425 1892 In
446 1839 548 1909 optimo
571 1846 663 1895 autem
686 1841 778 1897 codice
801 1842 929 1896 Laurent.
953 1841 1070 1909 LXXX,
1090 1846 1102 1896 1
1128 1841 1259 1897 scholium
1281 1841 1359 1909 inest,

237 1923 309 1993 quod
326 1923 405 1992 plura
421 1925 542 1978 eontinet
559 1939 630 1994 quae
653 1925 687 1980 ed
705 1927 772 1980 Inst.
793 1930 815 1994 l,
834 1930 847 1980 l
866 1933 930 1995 epte
953 1927 1143 1995 respondeant.
1161 1927 1258 1996 Neque
1273 1928 1359 1981 inere·

237 2007 318 2062 dibile
335 2023 446 2076 prorsus
463 2009 570 2064 videtur
585 2009 681 2064 horum
695 2011 828 2079 quaedem
845 2027 880 2065 ex
891 2013 950 2080 ipso
962 2013 1029 2067 Tho.
1049 2027 1108 2067 esse
1125 2019 1239 2081 sumpte.
1274 2011 1361 2067 Doleo

237 2092 344 2161 quidem
362 2107 395 2147 ee
411 2107 470 2148 esse
487 2094 582 2148 mutila
600 2101 682 2164 etque
701 2096 840 2164 ἀκέφαλα,
862 2112 915 2150 non
940 2097 1001 2152 ideo
1019 2102 1109 2152 tamen
1126 2113 1229 2162 moror,
1248 2099 1312 2166 quin
1330 2103 1361 2151 ut

236 2176 331 2231 melius
348 2177 408 2232 fieri
425 2185 516 2246 potest
534 2194 568 2234 ea
586 2181 729 2236 emendata
745 2188 828 2251 atque
847 2183 954 2250 integra
972 2183 1064 2237 edem:

230 2317 324 2398 Ὅρος
345 2315 550 2404 δικαιοσύνης.
594 2318 770 2404 δικαιοσύνη
794 2318 857 2382 ἐστι
879 2317 1023 2406 σταθηρὰ
1051 2322 1099 2383 καί
1122 2319 1262 2407 διηνεκὴς
1283 2320 1360 2402 βού-

338 2417 425 2505 λησις
445 2423 501 2484 τοῦ
524 2421 688 2504 ἀπονέμειν
710 2423 833 2506 ἑκάστῳ
863 2423 895 2486 τδ
927 2421 1003 2486 ἴδιον
1031 2421 1155 2486 δίκαιον.
1206 2422 1303 2507 σοφία
1325 2421 1361 2485 δέ

338 2520 402 2585 ἐστι
425 2523 520 2606 νόμον
543 2525 563 2612 η
586 2529 697 2605 γνῶσις
718 2523 783 2588 τοῖν
805 2523 900 2587 θείων
922 2525 972 2588 καί
993 2522 1199 2610 ἀνθρωπίνων
1220 2525 1363 2609 πραγμά-

338 2648 410 2705 των,
439 2635 494 2691 τοῡ
517 2649 550 2689 τε
579 2626 695 2690 δικαίου
724 2629 772 2690 καί
802 2629 856 2689 τοῦ
886 2627 1003 2690 ἀδίκου.
1055 2625 1217 2701 Μαθδντες
1240 2635 1297 2713 τῆς
1318 2625 1363 2690 δι-

340 2728 504 2814 καιοσύνης
528 2729 580 2791 τὸν
602 2731 688 2812 θρον,
712 2728 862 2807 ἐντεῦθενΙ
880 2729 929 2793 ἐπὶ
952 2731 1003 2793 τδν
1033 2729 1126 2814 νόμον
1146 2728 1359 2812 μετέλθωμεν.

339 2829 416 2892 ἀλλὰ
439 2830 468 2893 τί
486 2831 545 2915 μέν
568 2831 633 2894 ἐστι
655 2831 766 2913 νόμος;
790 2831 972 2917 ἀνάμεινον,
995 2831 1170 2916 ἡγουμένου
1192 2830 1281 2908 θεοῦ,
1302 2849 1362 2914 μα-

338 2929 406 2996 θεῖν
428 2931 461 2994 ἐν
485 2937 530 3017 τῷ
550 2933 703 3017 προοιμίῳ
727 2942 790 2997 τῶν
814 2935 948 3017 πρώτων
978 2932 1040 2996 ἀπό
1070 2956 1103 2995 τε
1127 2935 1189 2997 τῶν
1209 2930 1358 3018 ρητόρων

338 3035 387 3096 καί
409 3034 592 3119 φιλοσόφων
614 3036 680 3120 ἅμα
702 3038 751 3098 καὶ
774 3045 915 3120 νομικων.
950 3036 1044 3100 ἄκουε
1067 3036 1103 3098 δέ
1126 3044 1181 3102 νῦν
1197 3037 1256 3098 ὅσα
1274 3033 1362 3122 χαρί-

339 3136 448 3209 ζεσθαι
470 3136 598 3200 δύναται
619 3138 682 3211 τοῖς
703 3141 802 3201 ταῦτα
830 3137 1043 3223 ἐπιτηδεύουσι
1064 3139 1084 3224 ὴ
1111 3140 1167 3201 τοῦ
1191 3136 1286 3216 νόμον
1309 3157 1360 3198 σο·

339 3241 396 3319 φία
427 3243 475 3319 [τε
504 3240 570 3324 ἅμα
598 3241 647 3302 καὶ
674 3239 812 3325 είδησις].
865 3241 962 3326 νόμου
989 3240 1054 3304 ἐστι
1083 3238 1179 3324 σοφία
1209 3237 1361 3326 ἐπιστήμη

338 3337 434 3402 θείων
457 3341 504 3403 καί
524 3339 730 3425 ἀνθρωπίνων
753 3343 944 3424 πραγμάτων
961 3337 1234 3423 [γνιῖνσις]’δικαίου
1257 3341 1362 3404 τεκαὶ

339 3440 448 3505 ἀδίκου
470 3443 645 3529 κατάληψις.
695 3444 713 3506 δ
736 3442 797 3529 γὰρ
821 3443 935 3528 νόμους
957 3442 1050 3518 είδδνς
1073 3443 1122 3505 καὶ
1142 3442 1199 3516 τδις
1220 3442 1363 3526 εὐσεβεῖς

339 3543 494 3619 διατάξεις
516 3545 733 3632 ηκριβωμένος
755 3545 822 3610 οἶδε
838 3546 896 3628 μὲν
916 3547 962 3609 δτι
983 3546 1079 3608 δεῖτὸ
1096 3543 1181 3609 θεῖον
1197 3543 1361 3628 σέβεσθαι,

339 3655 412 3733 τιμᾷ
424 3647 461 3711 δὲ
480 3647 556 3719 αὐτό
570 3695 662 3716 .....
679 3647 792 3711 εἰδέναι
808 3647 843 3711 δὲ
859 3648 976 3730 ὀφείλει
996 3648 1047 3710 καί
1068 3646 1097 3711 τί
1113 3647 1171 3729 μὲν
1195 3646 1310 3710 δίκαιον
1334 3645 1363 3709 τί

340 3749 376 3812 δὲ
396 3749 500 3815 άδικον
524 3750 573 3813 καὶ
593 3754 679 3831 τιμᾶν
697 3751 755 3835 μὲν
777 3753 831 3815 τὸν
856 3753 892 3814 τὸ
921 3750 1035 3815 δικαιον
1057 3749 1283 3830 ἀσπαζόμενον,
1313 3773 1362 3813 κο·

339 3851 442 3924 λάζειν
469 3851 506 3915 δέ
530 3852 611 3936 μετὰ
640 3851 736 3936 νόμου
765 3855 816 3916 τὸν
846 3853 1010 3916 ἀδικοῦντα
1044 3853 1093 3915 καὶ
1122 3851 1362 3938 πράττοντα“τὰ

340 3954 447 4038 δικαίῳ
467 3955 511 4041 μὴ
531 3955 735 4040 ῥυθμίζοντιι.

242 4057 300 4144 Τῆς
321 4056 514 4142 δικαιοσύνης
541 4058 590 4121 καὶ
617 4059 672 4118 τοῦ
702 4057 797 4140 νόμου
825 4061 954 4139 γενικῶς
982 4055 1202 4141 ἐγνωσμένων,
1229 4053 1363 4142 ἀρχομέ-

340 4179 402 4233 νοις
430 4161 502 4246 ημῖν
530 4159 602 4234 τοὺς
628 4161 684 4222 τοῦ
712 4157 815 4244 δήμου
841 4161 1003 4244 ῥωμαϊκοῦ
1037 4156 1219 4222 ἐκτίθεσθαι
1248 4156 1363 4241 νόμους
