3058 4890
529 377 869 444 ·-M-·

188 559 300 628 torio
319 559 512 630 bonorum
529 579 756 646 possessor,
782 567 904 632 totum
934 580 1055 632 assem
1083 561 1134 630 uel
1155 566 1309 646 partem

188 679 439 750 hereditatis
466 679 518 748 uel
546 681 640 749 etiam
668 681 770 750 hune
802 682 960 749 fundum
989 682 1237 750 hominemne
1260 680 1310 748 uel

112 832 114 836 ’
191 801 282 870 etism
314 800 542 868 totsolidos
573 801 704 869 atilli
733 803 968 882 restituas«,
1006 821 1075 870 eum
1104 802 1241 886 alioquin
1269 803 1312 871 te·

189 903 265 1016 pota
291 922 321 987 in
356 925 543 990 testamento
579 940 641 992 non
677 923 745 989 iure
772 923 811 990 ab
838 923 989 990 intestato
1018 923 1151 1006 relinqui
1181 923 1310 1005 possint.

188 1040 296 1126 itaque
317 1043 376 1111 hoe
396 1043 528 1110 interest
549 1043 632 1109 inter
653 1043 788 1126 legatum
812 1040 948 1126 fideique
977 1042 1194 1122 commissum,
1227 1043 1310 1126 quud
1344 1043 1361 1094 ὅ

188 1163 293 1246 tegata
316 1163 347 1230 in
370 1169 558 1248 testamento
580 1164 796 1232 tautummodo
818 1163 1048 1246 relinquuntur,
1072 1162 1310 1230 fideicommissa

126 1287 293 1350 n-nuten
316 1283 417 1350 etism.
432 1285 472 1351 ah
494 1285 654 1350 intestato.
679 1286 727 1348 11.
751 1283 829 1352 Cum
852 1282 990 1350 Primum
1013 1281 1158 1350 heredem
1181 1283 1312 1366 seripse-

190 1403 261 1484 rim,
284 1395 410 1489 possum
433 1421 503 1472 eum
526 1423 637 1488 rogare
660 1411 695 1470 ut
717 1401 859 1471 Seemdo
882 1403 1087 1470 hereditatem
1110 1403 1257 1469 restituat
1278 1409 1311 1470 et

189 1541 300 1591 rursus
330 1523 506 1591 Secundum
538 1544 660 1608 rogare,
689 1531 725 1591 ut
754 1524 860 1590 Tertio
890 1539 1013 1590 omnem
1040 1523 1100 1590 sibi
1130 1523 1310 1606 restitutam

190 1643 395 1711 hereditatem
412 1642 520 1711 eiusne
534 1650 653 1728 partem
669 1643 827 1723 restituat,
851 1644 902 1710 nel
925 1649 960 1710 ut
975 1643 1082 1710 Tertio
1104 1650 1222 1710 certam
1244 1663 1309 1710 rem
1331 1661 1362 1712 nu

142 1765 180 1818 12·
189 1770 337 1850 praestet.
384 1759 433 1830 11.
468 1765 509 1831 Et
537 1765 625 1848 quia,
656 1766 748 1832 sicuti
777 1763 811 1830 in
839 1764 991 1848 principio
1019 1764 1111 1830 huius
1133 1763 1217 1830 tituli
1240 1783 1310 1847 pro·

192 1885 364 1971 posuimus,
385 1885 488 1970 prima
510 1884 817 1954 fideicommissorum
840 1883 994 1952 cunabula
1016 1904 1054 1950 ex
1075 1883 1136 1950 fide
1158 1884 1308 1952 heredum

192 2008 415 2092 pependerunt,
439 2014 472 2074 et
492 2007 565 2076 inde
581 2027 690 2076 numen
707 2015 739 2074 et
754 2007 959 2074 substantiam
976 2012 1164 2092 aeceperunt
1186 2011 1217 2072 et
1239 2005 1309 2072 ideo

192 2126 284 2194 dinus
306 2119 468 2210 Argutus
490 2147 559 2196 enm
581 2128 614 2195 in
638 2127 770 2195 arbitrio
792 2138 897 2196 essent
924 2129 964 2195 ad
992 2130 1069 2196 iuris
1092 2127 1308 2196 necessitatem

191 2265 229 2314 es
250 2225 395 2324 detraxit,
418 2267 518 2332 nuper
539 2249 683 2338 princeps
706 2255 813 2316 noster
835 2250 965 2316 eundem
998 2250 1105 2317 diuum
1133 2252 1307 2331 Augustum
1330 2255 1360 2306 lo

188 2351 340 2460 superare
361 2367 554 2435 contendens
577 2388 614 2435 er
636 2369 719 2437 fecto
745 2369 898 2450 quodam,
929 2368 1013 2450 quud
1041 2369 1080 2434 ad
1109 2387 1214 2482 euersa
1242 2369 1309 2434 eius

190 2505 283 2554 aures
304 2483 514 2556 Tribunianus
540 2489 784 2572 gloriosissimus
813 2496 963 2573 quaestor
991 2487 1129 2569 rettulit,
1159 2486 1310 2555 eonstitu-

192 2607 307 2676 tionem
334 2609 425 2690 iecit,
454 2628 513 2694 per
534 2629 627 2694 quum
659 2609 825 2694 disposuit,
850 2617 885 2677 ut
907 2611 933 2676 si
956 2611 1026 2694 quis
1055 2609 1124 2676 sine
1154 2609 1311 2692 scripture

191 2726 462 2797 fideicommissum
485 2728 648 2812 reliquerit
670 2731 719 2798 uel
747 2750 803 2814 per
825 2729 1064 2797 uniuersitatem
1095 2731 1145 2796 nei
1175 2730 1310 2813 speciale

191 2854 224 2916 et
244 2869 346 2934 neque
368 2869 406 2918 ex
428 2849 585 2934 scriptura
608 2868 708 2934 neque
730 2869 768 2916 ex
790 2851 927 2934 quinque
954 2850 1080 2916 testium
1105 2849 1308 2934 depositione,
1327 2871 1361 2924 20

189 2985 323 3052 qnorum
355 2967 535 3053 praesentia
556 2969 606 3036 ad
640 2968 911 3036 fideicommissum
939 2969 1145 3037 ordinandum
1184 2969 1308 3051 suffieit,

189 3088 277 3173 (nam
296 3088 455 3158 interdum
477 3090 528 3159 uel
548 3091 711 3175 pauciores
733 3091 849 3159 adsunt
870 3096 967 3158 testes
989 3096 1045 3158 ant
1059 3109 1148 3158 nemu
1170 3089 1310 3174 penitus)

191 3227 242 3278 res
264 3191 365 3294 possit
386 3209 589 3292 manifestari,
611 3216 686 3280 tune
707 3213 775 3278 siue
796 3217 886 3296 pater
908 3211 965 3292 sit,
993 3211 1046 3294 qui
1068 3230 1088 3277 a
1108 3210 1172 3278 tilio
1193 3209 1309 3278 herede
