3058 4890
618 445 852 514 -alu—

173 634 447 706 senatusconsulto
469 634 539 720 cogi
560 653 632 704 cum
655 635 763 713 adire,
789 651 959 718 omnesque
987 637 1124 704 actiones
1153 637 1184 704 in
1211 635 1299 704 fidei-

174 756 419 824 commissarium
447 756 621 825 transferri
673 755 707 824 id
738 756 836 840 igitur
869 776 907 824 ex
934 754 1001 825 solo
1029 758 1298 832 senatusconsulto

174 874 356 942 trebelliano
378 874 443 956 fiat,
466 884 499 943 et
520 877 612 944 heres
642 883 768 945 coactus
797 876 890 944 adeat
920 883 953 944 et
981 877 1186 945 hereditatem
1214 874 1299 944 fidei·

174 993 388 1063 commissario
410 995 567 1076 restituat,
590 996 697 1081 quiid
721 995 888 1077 desideret,
911 997 996 1064 nullo
1018 998 1131 1066 damno
1155 996 1205 1065 uel
1220 1015 1312 1065 com-2

128 1127 157 1182 ε.
176 1113 267 1182 modo
290 1115 376 1200 apud
398 1115 544 1185 heredem
571 1123 727 1185 manento.
772 1119 801 1184 8.
837 1119 924 1199 Quae
954 1118 1011 1184 tibi
1037 1118 1198 1201 proposita
1227 1121 1301 1183 snut
1333 1126 1351 1178 o

176 1235 216 1301 de
244 1254 298 1316 eo,
327 1235 381 1319 qui
411 1255 445 1302 es
472 1256 544 1304 asse
572 1236 665 1305 heres
693 1237 859 1306 institutus
888 1238 944 1320 sit,
979 1237 1087 1304 eadem
1120 1237 1301 1320 intellegere

179 1355 275 1422 debes
290 1355 336 1422 de
361 1373 397 1424 co
412 1358 617 1448 quoqueflqui
639 1377 677 1426 ex
700 1365 799 1443 parte,
821 1356 921 1426 ueluti
944 1376 982 1424 cx
1004 1357 1144 1436 senisse,
1165 1357 1301 1440 scriptus

178 1480 276 1544 totum
298 1482 419 1560 partem
440 1482 498 1544 aut
519 1479 619 1562 partis
641 1484 762 1563 partem
785 1478 952 1546 restituere
979 1479 1021 1544 sit
1044 1486 1181 1562 rogatus.
1228 1498 1299 1544 nann

180 1601 212 1665 et
233 1596 292 1664 hoc
313 1616 390 1664 casu
411 1599 519 1665 eodem
542 1574 704 1666 obseruari
727 1599 943 1667 sanctissimus
966 1599 1109 1683 princeps
1131 1599 1298 1680 praecepit,

123 1719 152 1773 9·
177 1734 258 1799 quae
280 1715 313 1783 in
335 1717 434 1784 totius
455 1718 638 1784 hereditatis
661 1737 758 1785 causa
779 1717 924 1784 diximus.
959 1719 990 1782 9.
1019 1715 1051 1783 Si
1073 1719 1143 1800 quis
1165 1719 1301 1784 moriens
1322 1733 1353 1787 10

178 1858 228 1908 me
248 1839 396 1905 heredem
418 1839 591 1905 instituerit
607 1845 702 1923 atque
721 1839 892 1906 addiderit:
919 1854 1035 1920 »rogo
1056 1844 1110 1920 te,
1134 1837 1301 1906 deducto

179 1978 250 2027 seu
272 1966 488 2043 praecepto
510 1959 583 2026 hoc
605 1957 730 2027 iundo
753 1959 818 2028 uel
839 1960 919 2027 alia
948 1980 1020 2046 qua
1048 1980 1090 2026 rc
1119 1961 1208 2044 (puta
1234 1958 1299 2024 iun-

180 2081 255 2147 dum
283 2078 491 2161 quadrantem
522 2077 645 2148 efficere
673 2080 886 2164 hereditatis),
913 2080 1006 2148 huic
1034 2078 1300 2146 hereditatem

178 2199 439 2274 restituere·
462 2200 522 2266 hoc
543 2217 668 2282 quoquc
690 2219 765 2268 casu
787 2201 874 2268 locus
895 2199 932 2266 ht
946 2198 1218 2267 senatusconsulto
1241 2205 1302 2264 tre

181 2320 316 2389 belliano
338 2321 403 2388 acsi
426 2322 555 2388 dixerit:
587 2339 705 2404 »rogo
733 2329 788 2402 te,
814 2321 1035 2405 quadrante
1062 2318 1352 2393 hereditatium

180 2442 361 2521 deducto,
384 2447 518 2509 cetera
533 2442 775 2509 restituere«
793 2447 842 2508 set
857 2417 888 2507 ln
904 2461 940 2508 eo
956 2449 1005 2507 est
1020 2439 1204 2520 differentia,
1219 2439 1302 2525 quod

181 2580 251 2629 cnm
273 2572 441 2645 praecepta
462 2562 565 2644 aliqua
588 2581 623 2626 re
645 2567 757 2645 quarta
778 2561 861 2645 apud
883 2561 1029 2627 heredem
1053 2566 1171 2640 manet,
1198 2559 1230 2624 in
1254 2576 1302 2625 so·

179 2681 278 2747 lidum
300 2701 338 2747 ex
359 2679 543 2748 trebelliano
565 2683 705 2750 actiones
731 2680 1018 2747 fideicommissario
1046 2689 1140 2764 atquc
1162 2682 1193 2745 in
1216 2678 1303 2746 fidei·

182 2802 426 2869 commissarium
455 2802 584 2883 duntur,
611 2809 644 2869 et
670 2821 721 2869 res
748 2801 832 2885 apud
854 2802 1000 2868 heredem
1024 2808 1129 2868 manet
1151 2802 1217 2868 siue
1240 2799 1302 2866 ullo

181 2942 291 3002 onere,
318 2930 467 3007 tanquam
494 2943 535 2990 ex
562 2923 665 3005 legato
694 2922 724 2989 ci
751 2922 924 3003 adquisita:
959 2941 1029 2988 cum
1063 2940 1138 2988 uero
1170 2921 1201 2986 in
1234 2922 1302 2986 iure
1319 2931 1354 2983 ao

182 3050 326 3129 quartam
361 3044 456 3110 habet
488 3045 547 3129 (ait
579 3045 659 3110 euim
693 3049 845 3110 testator:
879 3030 1103 3124 quadrante
1136 3042 1301 3107 deducto

182 3164 447 3232 hereditatem
484 3165 690 3248 restitue),
722 3165 908 3231 scinduntur
937 3163 1077 3230 actiones
1103 3172 1136 3228 et
1163 3180 1219 3244 pro
1249 3161 1302 3226 do·
