2990 4884
712 431 921 495 ..83-

265 637 337 677 στον
360 615 395 678 δὲ
418 615 468 678 διὰ
489 617 563 692 τούς
585 616 696 690 παῖδας
717 617 939 681 excusateilein
967 618 1096 691 ἑαυτούς
1119 619 1292 703 δυνάμεθα,
1316 619 1375 684 εἴτε

265 716 441 788 δπεξούσιυι
464 717 524 782 είεν
551 718 613 782 εἴτε
642 719 863 802 emancipatoi.
913 721 941 784 εί
968 723 1030 803 χαίρ
1060 743 1103 794 τις
1132 709 1244 808 ἔχει-χ’
1268 722 1379 798 παῖδας

264 819 427 903 περιόντας
451 821 483 884 ἐν
505 820 622 907 Ῥώμη,
646 821 665 908 ή
688 823 720 884 ἐν
741 821 850 908 Ἰταλίᾳ
872 810 930 903 δι)
961 823 980 909 ή
1007 824 1040 888 ἐν
1070 826 1135 898 ταῖς
1163 813 1378 912 ἐπαρχίαιςῖ,

265 922 430 996 ἀκωλύτως
464 923 574 986 ἑαυτὸν
607 924 807 989 excusatel'lei
840 925 1007 1012 ἐπιτροπῆς
1044 949 1079 988 τε
1118 929 1166 987 καὶ
1197 927 1379 992 curationes

230 1029 343 1108 υπρός
363 1021 488 1112 μίμησιν
510 1031 572 1088 τῶν
595 1028 708 1090 λοιπῶν
738 1029 1018 1113 λειτουρχημιίτων.
1069 1031 1117 1090 καί
1143 1029 1204 1111 γὰρ
1236 1031 1290 1114 τήν
1320 1031 1379 1093 ἐπι·

263 1128 379 1212 τροπήν
402 1130 450 1191 καί
471 1128 637 1193 curationis
659 1133 720 1205 τοῖς
742 1131 905 1215 δημοσίοις
934 1129 1216 1215 συναρισιλμεῖσδαι
1244 1135 1380 1215 λειτουρ-

262 1232 394 1313 χήμασιν
417 1232 619 1317 ὡμολόγηται.
667 1233 752 1296 δεταί
776 1233 883 1307 παῖδες
905 1235 959 1297 ούκ
986 1231 1151 1318 ἀμελοῦσιν
1180 1235 1223 1311 εἷς
1251 1254 1380 1298 excusa·

262 1332 358 1411 cioca,
383 1335 459 1397 ἀλλὰ
482 1337 601 1418 φὐσικολ
621 1333 705 1398 καδὰ
728 1335 846 1423 είρηται
868 1338 895 1398 εί
917 1340 965 1399 καί
987 1335 1093 1424 ἔτυχον
1115 1336 1216 1420 ἑτέρῳ
1232 1336 1380 1410 δοδέντες

262 1435 306 1508 είς
328 1434 494 1500 υίοδεσίαν.
542 1439 574 1499 θί
597 1438 634 1509 ἐξ
656 1437 721 1501 υἱοῦ
745 1437 862 1518 ἔκγονοι
891 1439 1095 1525 ἀμελήσουσι,
1126 1437 1180 1502 τού
1209 1439 1311 1519 μέσου
1336 1463 1381 1502 τε-

214 1556 245 1606 10
262 1537 465 1622 λευτήσαντας
488 1539 674 1620 προσώπου·
698 1539 930 1626 ὺπεισέρχονται
952 1541 1012 1621 γὰρ
1035 1541 1088 1626 τήν
1109 1545 1164 1603 τοῦ
1188 1544 1307 1618 πατρὸς
1330 1545 1381 1604 τά·

263 1641 318 1717 ξιν,
340 1642 368 1702 οί
391 1639 422 1701 δ’
445 1640 481 1702 ἐκ
501 1639 657 1726 δυχατρὸς
680 1642 716 1705 ού
739 1644 926 1729 παρέχουσιν
952 1642 1166 1730 excusationis
1199 1643 1311 1719 παῖδες
1334 1643 1380 1720 δὲ,

263 1744 308 1816 ὡς
329 1740 423 1820 εἷπον,
444 1743 533 1821 μόνοι
556 1745 670 1820 ζῶντες
692 1747 909 1828 ἀμελήσουσιν,
935 1745 972 1809 οίι
992 1749 1054 1831 μήν
1082 1745 1334 1832 τελευτήσαντες·
1357 1746 1382 1806 εί

241 1843 298 1918 Ιδὲ
321 1844 353 1905 ἐν
377 1843 500 1928 πολέμῳ
523 1848 757 1931 τελευτήσωσιν,
781 1848 916 1933 ἐζητήδη
941 1848 971 1910 εί
996 1845 1168 1931 ἀμελοῦσιν.
1214 1849 1261 1909 καλ
1283 1846 1380 1934 ήρεσε

264 1946 390 2023 τούτους
410 1948 526 2030 μόνους
549 1949 692 2035 παρέχειν
713 1953 784 2036 ήμῖν
807 1949 1021 2023 excusationis,
1044 1950 1072 2012 οἳ
1094 1951 1126 2012 ἐν
1150 1973 1186 2035 τη
1205 1950 1381 2034 παρατάξει

214 2053 245 2102 15
264 2052 311 2112 καί
333 2050 365 2112 ἐν
388 2049 466 2136 αὐτῇ
487 2054 665 2114 πεπτώκασι
688 2055 724 2139 τῇ
752 2054 920 2138 συμπλοκή.
965 2051 1074 2139 ἐπειδὴ
1102 2053 1162 2134 γὰρ
1192 2051 1279 2116 οὗτοι
1302 2052 1380 2133 ὑπὲρ

263 2157 318 2244 τῆς
340 2151 492 2225 πολιτείας
514 2152 689 2239 τεόνήκασι,
713 2153 834 2218 δοκοῦσι
858 2155 908 2217 διὰ
931 2160 984 2241 τῆς
999 2155 1032 2217 ἐκ
1048 2159 1108 2218 τιῐιν
1124 2154 1226 2237 ἕρχων
1241 2154 1381 2226 εὐκλείας

264 2256 312 2317 ἀεὶ
334 2258 488 2339 περιεῖναι.
538 2260 564 2318 1.
599 2256 658 2320 Καὶ
679 2255 803 2321 Μὲτουε
826 2257 900 2319 δὲό
928 2257 1077 2339 βασιλεὺς
1105 2257 1138 2319 ἐν
1166 2262 1234 2332 ταῖς
1263 2257 1380 2341 ἐξαμη-
1398 2283 1416 2333 1,
1485 2255 1486 2316 λ

265 2356 401 2439 νιαίαιςί)
432 2355 525 2422 αὐτού
559 2360 733 2430 διατιίξεσιν
763 2360 908 2424 ἐκέλευσε
942 2361 995 2422 τόν
1024 2358 1179 2441 fiscslis⁸)
1207 2359 1381 2423 διοικοῦντα

264 2461 439 2543 πράγματα,
463 2461 519 2545 ἐφ’
544 2463 615 2525 ὅσον
638 2465 693 2546 τῆς
716 2463 857 2546 τοιαύτης
879 2463 1040 2550 ἀντέχεται
1056 2463 1244 2548 διοικήσεως,
1269 2466 1380 2545 παραί-
1410 2511 1412 2515 -
1485 2457 1486 2462 ¹

212 2577 247 2628 20
264 2586 348 2646 τήσιν
377 2562 470 2625 αύτδν
498 2561 577 2651 ἔχειν
604 2562 784 2628 curationcs
807 2588 840 2627 τε
870 2567 919 2627 καί
950 2567 1125 2650 ἐπιτροπῆς.
1174 2566 1222 2626 καί
1252 2567 1269 2626 δ
1299 2566 1381 2646 λοχι-

264 2665 340 2747 σμδς
363 2665 463 2750 δῆλος.
499 2667 615 2751 ἀνάγκη
637 2667 698 2748 χάρ
720 2665 739 2752 ή
762 2667 987 2754 συντρέχοντας
1010 2668 1123 2751 ήμᾶςί)
1148 2670 1194 2750 τῷ
1216 2667 1278 2750 νέῳ
1300 2667 1381 2747 βλά-

262 2766 318 2846 ψαι
340 2765 512 2830 τδνίίεαου
535 2767 554 2852 ή
575 2771 610 2830 τὸ
640 2769 767 2853 ἀζήμιον
798 2772 844 2854 τῷ
872 2767 958 2848 ίῖεοῳ
988 2773 1221 2854 περιποιοῦντας
1249 2769 1288 2832 τὰ
1317 2775 1382 2832 τῶν

265 2868 342 2930 νέων
364 2867 534 2933 ἐλαττῶσαι
556 2870 666 2939 δίκαια,
712 2873 740 2933 2.
775 2871 830 2933 Καὶ
852 2873 881 2934 οί
902 2870 1096 2953 reipublicae
1125 2873 1256 2954 causa-¹³)
1286 2873 1419 2946 dms-2„

264 2991 316 3045 τες
340 2970 596 3038 excusatesontai
624 2974 826 3060 κηδεμονίας,
856 2975 891 3037 ού
919 2975 1015 3058 μόνον
1045 2973 1196 3058 ἐσομένης
1224 2973 1302 3035 ἀλλὰ
1334 2976 1383 3036 καὶ

213 3081 246 3132 25
265 3071 505 3160 inoxecpe'vqg‘),
529 3076 622 3138 καίτοι
642 3072 714 3156 μετ’
741 3075 857 3160 ἔμμιξιν
886 3076 953 3163 ήτοι
979 3078 1060 3160 μετὰ
1089 3080 1122 3138 τό
1151 3073 1295 3158 ἅψασθαι
1324 3081 1383 3163 τῆς

264 3175 446 3261 διοικήσεως
468 3177 503 3238 ού
527 3177 691 3263 παρέχεται
712 3179 913 3243 excusatiwn.
949 3181 965 3240 ό
989 3179 1024 3242 δ’
1048 3179 1207 3262 ἁψάμενος
1228 3182 1284 3264 τής
1307 3179 1382 3242 διαι-
1486 3247 1487 3270 χ

264 3279 385 3365 κήσεως
416 3280 466 3342 καί
501 3279 533 3342 ἐν
569 3282 614 3364 τῷ
639 3281 756 3364 μεταξύ
784 3279 981 3363 reipublicae
1010 3281 1138 3360 caussi)
1170 3279 1381 3367 ἀποδημήσας

259 3386 373 3468 χμήται
394 3381 451 3465 μὲν
477 3383 687 3460 excusationi,
714 3384 806 3470 μέχρι
839 3383 874 3446 δὲ
909 3384 1058 3447 τοσούτου
1088 3383 1232 3470 χωρίζειν
1266 3382 1382 3445 ἑαυτὸν

265 3484 433 3558 ἀκινδύνως
455 3484 582 3549 δύναται
604 3490 658 3572 τής
679 3485 869 3572 διοικήσεως,
892 3485 954 3561 ἕως
978 3484 1014 3549 ού
1044 3485 1154 3550 ἄπεστι
1182 3483 1383 3567 reipublicae

214 3612 248 3663 30
265 3604 369 3650 causa.
415 3586 521 3669 ἀμέλει
542 3590 592 3651 καί
612 3591 778 3670 κουράτωρ
805 3588 838 3652 ἐν
861 3591 907 3673 τῷ
935 3588 1052 3673 μεταξύ
1083 3588 1238 3670 δέδοταιῧ)
1260 3587 1305 3663 είς
1325 3589 1382 3650 τά-

332 3863 355 3928 1)
373 3864 389 3932 ἢ
409 3877 485 3916 τεσσ.
504 3862 534 3912 ἐν
550 3857 592 3914 Ἰτ.
611 3859 653 3912 Vi.
665 3860 697 3914 R.
750 3861 773 3927 2)
793 3861 893 3919 -νίαις
909 3858 950 3915 vi.
965 3859 997 3915 R.
1059 3861 1082 3926 ⁸)
1099 3859 1193 3927 scripsi
1211 3859 1311 3913 exL1.
1330 3860 1381 3914 L2.

265 3946 345 4016 ήχοαν
364 3947 477 4015 δημόσια
495 3945 555 4000 add.
574 3945 606 3998 R.
711 3947 735 4011 ⁴)
752 3947 822 4014 ἡμᾶς
838 3946 856 4013 ἢ
875 3963 952 3998 συντ.
971 3944 1003 3998 R.
1105 3947 1128 4009 ⁵)
1146 3945 1189 3997 διὰ
1207 3946 1380 4012 πραγμάτων

266 4033 402 4098 δημοσίων
421 4030 508 4083 αἰτίαν
527 4030 555 4084 Ρ.
574 4028 633 4098 ἤτοι
651 4029 742 4098 ἔνοχοι
759 4033 795 4100 τῇ
814 4031 927 4100 δημοσίᾳ
948 4030 1020 4101 αἰτίᾳ
1036 4030 1086 4084 L2.
1221 4031 1245 4095 ⁶)
1263 4031 1330 4083 ἐπικ.
1350 4031 1405 4084 Ρ.’

265 4118 297 4173 Β,
433 4119 455 4183 ἲ)
472 4115 556 4186 ήχαυν
572 4116 654 4186 χάριν
673 4116 802 4184 δημοσίου
820 4117 985 4184 πράγματος
1002 4114 1035 4169 R.
1171 4117 1194 4184 ⁸)
1212 4117 1243 4167 εά
1260 4119 1301 4184 τῷ
1317 4133 1379 4178 μετ.

266 4205 314 4257 cic.
332 4203 364 4257 R.
