3022 4884
602 379 832 442 -147-

153 557 263 623 miuus
285 558 421 626 ualidam
450 561 579 628 babebit
605 562 743 647 pupillus
771 574 880 634 contra
909 567 1081 638 debitorem
1111 573 1283 641 actionem:

152 677 184 742 si
209 696 284 743 nero
308 697 346 743 ea
368 680 547 762 experiatur
569 686 602 746 at
624 683 762 749 debitum
785 692 889 768 petat,
918 689 1099 770 exceptione
1122 691 1186 757 doli
1209 693 1282 757 mali

152 797 341 879 repelletur.
396 800 422 864 si
455 819 531 866 uero
565 819 602 866 aa
634 802 789 883 accipiens
823 804 1020 874 libidinosius
1053 812 1283 893 consumpserit

152 915 209 980 uel
231 923 317 981 certe
338 917 493 984 inutiliter
507 917 559 986 uel
580 920 664 987 iurtn
686 922 836 1002 amiserit,
859 924 1000 991 debitum
1023 946 1133 994 rursus
1155 949 1176 993 a
1198 931 1283 996 debi-

152 1041 226 1099 tore
237 1037 345 1117 petiet,
357 1036 444 1103 nulla
455 1041 698 1106 summouendns
714 1043 908 1124 exceptione:
925 1044 1184 1112 condemnabitur
1198 1047 1281 1113 enim
1316 1051 1334 1104 5

151 1155 335 1221 omnimodo
365 1156 488 1223 debitor
519 1178 591 1224 cum
620 1165 738 1228 temere
770 1161 839 1226 sine
866 1163 981 1228 tutoris
1008 1163 1197 1230 auctoritate
1226 1185 1283 1232 nee

152 1274 329 1360 seeundum
363 1277 595 1343 constitutionis
624 1280 771 1362 principis
801 1281 901 1346 nostri
930 1288 1068 1349 tenorem
1097 1283 1282 1350 solutionem

151 1392 276 1458 fecerit.
321 1395 430 1477 pupilli
452 1397 520 1462 sine
542 1399 656 1463 tutoris
678 1400 867 1466 auctoritate
889 1399 1013 1466 soluere
1034 1407 1204 1482 nequeunt,
1220 1421 1282 1468 uon

152 1514 240 1578 enim
263 1512 456 1580 transferunt
478 1516 510 1580 in
534 1517 738 1600 accipientem
760 1521 1000 1601 proprietatem,
1028 1539 1098 1585 cum
1125 1521 1185 1602 ipsi
1214 1520 1283 1587 nul-

151 1631 218 1698 lam
242 1632 380 1699 habeant
401 1634 582 1700 facultatem
605 1655 656 1702 res
679 1655 753 1702 snas
775 1638 842 1704 sine
864 1638 979 1704 tutoris
1001 1638 1190 1704 auctoritate
1212 1638 1283 1704 alie
1302 1636 1335 1687 ¹⁰

151 1753 263 1817 nandi.
308 1752 382 1835 quid
406 1773 480 1836 ergo
503 1753 572 1832 liet,
595 1754 622 1819 si
645 1756 737 1822 modo
759 1756 912 1822 soluerint
940 1775 1041 1840 neque
1070 1757 1195 1823 liberati
1217 1757 1284 1824 fue·

152 1873 232 1948 rint,
257 1871 372 1954 quippe
394 1873 447 1955 qui
470 1872 672 1953 accipientem
695 1892 892 1940 nummorum
916 1874 1074 1940 dominum
1097 1874 1200 1943 lacere
1221 1895 1283 1942 nnn

152 1991 341 2071 potuerint?
363 1998 395 2058 et
417 1993 565 2069 dicimus,
594 1994 772 2059 extantibus
800 1993 926 2074 quidem
955 1995 1098 2074 nummis,
1129 1996 1282 2063 actionem

152 2114 188 2179 in
211 2133 278 2180 rem
300 2115 433 2194 habere,
463 2115 633 2181 latentibus
661 2120 765 2181 autem
795 2132 851 2180 seu
878 2115 959 2180 bona
990 2113 1051 2182 fide
1081 2115 1282 2197 consumptis,

152 2212 281 2298 actione
303 2231 344 2297 ad
367 2233 574 2299 exhibendum
597 2233 731 2315 experiri
753 2251 855 2315 possa.
900 2234 948 2298 sin
978 2239 1083 2300 autern
1109 2234 1191 2300 bona
1220 2232 1282 2299 fide
1302 2235 1334 2287 1⁵

154 2357 233 2418 sunt
254 2352 439 2433 consumpti,
460 2352 597 2419 creditor
620 2355 701 2419 enim
728 2358 843 2435 putans
873 2370 925 2418 eos
954 2352 1087 2434 puberes
1116 2369 1185 2418 esse
1214 2368 1282 2418 eos·

153 2475 228 2540 dem
252 2476 452 2556 consumpsit,
476 2474 630 2542 uindicari
652 2495 714 2542 non
736 2481 882 2556 possunt,
905 2493 976 2539 cum
1004 2493 1066 2540 non
1095 2478 1218 2548 extent,
1250 2477 1282 2536 et

153 2595 240 2659 actio
261 2611 386 2676 qunque
408 2595 448 2660 ad
471 2595 680 2661 exhibendum
702 2601 814 2670 cessat,
836 2611 906 2659 cum
929 2610 985 2659 nec
1008 2590 1089 2657 male
1105 2591 1281 2672 consumpti

153 2712 220 2776 sint
243 2731 345 2794 neque
367 2713 487 2778 lateant
509 2715 643 2796 nummi;
667 2719 742 2779 tunc
760 2731 802 2788 ‚ex
830 2718 950 2784 euentu.
968 2712 1073 2778 debito
1095 2689 1282 2777 liberabitur

153 2830 295 2912 pupillus
310 2837 343 2896 et
359 2831 443 2913 quod
458 2851 519 2897 uon
535 2831 674 2896 effecerit
693 2833 759 2896 sine
780 2831 896 2897 tutoris
918 2832 1105 2897 auctoritate
1127 2828 1212 2895 facta
1233 2837 1334 2920 sold

152 2947 246 3028 intio,
268 2949 302 3014 id
326 2951 408 3016 bona
430 2949 491 3015 lide
513 2951 708 3033 consumptio
729 2931 920 3033 adimplebit.

283 3556 344 3621 Per
365 3574 444 3637 quas
465 3573 615 3638 personas
638 3556 726 3621 nobis
749 3555 935 3639 adquiritur.
979 3554 1103 3620 Titulus
1126 3555 1156 3618 9.

244 3741 357 3806 Omnia
379 3761 460 3825 quae
489 3743 639 3821 diximus,
668 3743 737 3808 siue
764 3742 797 3806 in
825 3743 920 3808 rebus
947 3743 1017 3807 siue
1044 3741 1076 3807 in
1106 3741 1281 3808 actionibus
1404 3811 1405 3814 ,

154 3863 353 3941 consistant,
376 3859 588 3942 adquiruntur
617 3861 706 3926 nobis
733 3879 794 3926 nnn
824 3858 925 3926 solum
955 3879 1010 3942 per
1039 3861 1281 3943 nosmetipsos
