2990 4884
579 442 791 506 -304

76 643 102 694 1.
125 631 231 706 gatar,
254 626 287 690 hi
309 632 414 692 autem
437 627 569 694 inuicem
593 629 787 694 contrahenti
810 648 870 695 non
893 635 1048 696 tenentur.
1083 633 1110 694 l.
1134 629 1246 714 Neque

123 745 333 811 hereditatem
355 745 450 824 adire,
473 765 575 830 neque
598 748 748 814 bonorum
764 751 991 830 possessionem
1006 755 1122 830 petere,
1145 768 1246 832 neque

122 864 332 930 hereditatem
359 864 677 932 fideicommissariam
708 871 867 950 suscipere
897 869 987 934 aliter
1016 876 1156 950 possunt,
1186 871 1245 933 nisi

123 983 241 1048 tutoris
263 985 459 1064 auctoritate,
482 987 626 1065 quamuis
648 985 804 1052 lucrosum
828 989 871 1053 sit
891 987 1163 1054 fideicommissum
1178 989 1245 1054 nul·

72 1117 102 1166 a.
122 1103 232 1167 lumue
264 1103 296 1167 in
330 1123 363 1168 se
397 1105 543 1169 damnum
577 1103 702 1171 habeat.
757 1107 786 1170 2.
826 1107 924 1172 Tutor
956 1113 1060 1171 autem
1094 1125 1244 1188 praesens
1279 1118 1296 1169 5

124 1228 237 1288 auctor
258 1221 326 1289 fieri
349 1224 452 1302 debet,
476 1227 502 1288 si
525 1225 583 1290 hoc
606 1224 723 1307 pupillo
745 1227 893 1308 prodesse
913 1225 1153 1300 existimauerim
1175 1233 1246 1307 post

124 1361 203 1407 uero
237 1347 358 1424 tempus
388 1362 536 1424 praesens
569 1353 626 1410 aut
653 1365 709 1426 per
736 1344 901 1425 epistulam
933 1347 1045 1411 absens
1073 1364 1132 1410 non
1160 1351 1244 1410 recte

123 1466 235 1527 auctor
257 1461 301 1526 iit.
324 1470 361 1527 ut
383 1482 453 1528 ccco
475 1465 501 1528 si
525 1483 582 1545 ego
605 1482 674 1529 cum
697 1463 814 1545 pupillo
837 1465 1027 1542 contraham,
1050 1468 1174 1545 oportet
1196 1469 1244 1528 tu·

121 1590 226 1646 torem
249 1583 354 1647 statim
378 1584 409 1647 in
431 1585 498 1664 ipso
520 1586 645 1666 negotio
668 1591 861 1664 praesentem
885 1585 988 1650 dicore
1003 1602 1070 1649 sese
1086 1587 1243 1649 auctorem

119 1700 202 1766 ficri.
248 1721 319 1767 nam
342 1702 369 1766 si
392 1705 421 1766 in
447 1705 524 1769 urbe
548 1704 642 1785 degat
665 1710 697 1768 et
720 1711 791 1784 post
823 1721 916 1769 unum
944 1703 1024 1769 lorte
1052 1703 1133 1769 diem
1161 1701 1244 1767 adsit
1264 1707 1295 1759 10

120 1827 154 1885 et
178 1823 264 1886 dicat
285 1841 353 1886 sese
376 1830 537 1889 auctorem
567 1822 650 1900 ficri,
682 1831 738 1888 aut
767 1823 795 1888 si
822 1823 906 1888 absit
933 1829 965 1888 et
993 1841 1049 1903 per
1078 1821 1243 1904 epistulam

64 1951 94 2000 3.
120 1943 248 2007 nuntiet
269 1961 303 2007 se
325 1949 483 2009 auctorem
507 1942 584 2019 fieri,
609 1945 654 2009 uti
677 1945 793 2008 dictum
819 1950 874 2015 est,
899 1943 974 2006 nihil
1001 1943 1075 2024 agit.
1121 1941 1151 2004 3.
1184 1939 1244 2005 Pu·

118 2060 217 2142 pillus
240 2080 309 2127 cum
332 2063 445 2126 tutoris
467 2062 656 2128 auctoritate
678 2081 771 2144 agere
793 2063 895 2128 debet.
945 2062 1026 2126 unde
1047 2061 1123 2126 illud
1150 2080 1243 2143 quae·

119 2183 219 2246 situm
242 2187 300 2246 est.
343 2202 413 2248 cum
435 2202 493 2264 ego
516 2182 627 2264 pupilli
649 2190 736 2248 tutor
758 2198 875 2258 essem,
899 2183 1144 2246 controuersiam
1172 2199 1241 2245 cum

119 2319 157 2364 eo
187 2300 296 2378 habui,
326 2302 393 2367 siue
420 2321 492 2367 reus
521 2302 589 2367 siue
615 2308 711 2367 actor.
766 2301 853 2368 litem
884 2301 1042 2381 suscipere
1075 2301 1141 2364 sine
1174 2317 1243 2364 mea
1263 2320 1293 2369 15

119 2420 310 2486 auctoritate
332 2440 394 2486 non
417 2427 551 2516 poterat,
574 2423 641 2503 ipse
663 2427 768 2487 autem
790 2423 822 2486 in
845 2440 910 2485 rem
933 2437 1032 2485 meam
1053 2424 1160 2485 auctor
1174 2417 1242 2482 lieri

118 2538 321 2620 prohibebar.
365 2541 512 2606 iudicium
544 2545 650 2606 autem
680 2540 797 2605 differri
820 2539 979 2620 nequibat.
1030 2541 1062 2603 in
1092 2538 1241 2602 eiusmodi

119 2677 199 2725 casu
222 2659 294 2723 olim
316 2661 442 2742 quidem
464 2662 556 2723 tutor
578 2677 597 2722 a
619 2664 763 2742 praetore
786 2658 928 2735 dabatur,
952 2658 1007 2740 qui
1029 2657 1098 2722 idco
1120 2661 1243 2736 praeto·

117 2779 190 2844 rius
223 2779 397 2852 dicebaturr
431 2786 480 2845 set
512 2786 655 2847 ueterum
682 2781 858 2865 suptilitate
890 2781 1031 2863 explosa,
1066 2779 1240 2862 praetorius

118 2917 248 2982 quoqne
269 2902 363 2965 tutor'
378 2901 520 2968 sublatus
543 2907 600 2966 est.
637 2902 729 2966 hodie
752 2920 827 2967 uero
850 2905 975 2965 curator
997 2901 1028 2965 in
1050 2901 1117 2964 eius
1139 2900 1240 2966 locum
1258 2906 1293 2956 20

119 3022 225 3095 datur,
238 3037 299 3100 quo
310 3021 490 3098 constituto,
506 3019 654 3086 iudicium
667 3021 841 3100 peragitur:
857 3020 1002 3084 hocnero
1015 3017 1157 3084 adfinem
1172 3037 1241 3099 per-

119 3139 228 3214 ducto,
251 3139 390 3203 curatelu
411 3139 573 3205 liberatur.
602 3146 634 3203 et
655 3141 686 3204 in
710 3139 768 3205 hoc
790 3139 914 3221 quidem
938 3157 1012 3204 casu
1034 3138 1141 3205 eodem
1164 3142 1240 3200 tem·

117 3277 197 3340 pore
219 3257 354 3341 pupillus
377 3258 411 3322 in
433 3260 533 3324 tutela
554 3264 650 3341 atquc
672 3279 747 3326 cura
770 3265 826 3324 est.
871 3259 903 3323 in
932 3259 1043 3323 ceteris
1070 3256 1151 3320 enim
1182 3271 1239 3332 ego

117 3379 189 3444 eiua
211 3383 299 3443 tutor
320 3396 398 3455 sum,
422 3379 453 3442 in
476 3377 533 3443 lite
555 3384 671 3456 autem,
694 3396 786 3459 quam
810 3378 962 3442 aduersus
985 3395 1033 3440 me
1054 3374 1150 3439 habet
1171 3378 1238 3437 tan-

116 3499 282 3565 tummodo
304 3499 336 3562 in
359 3517 433 3564 cura
456 3505 504 3564 est
526 3498 593 3564 eius
615 3501 669 3580 qui
692 3499 783 3562 datus
807 3503 855 3562 est
877 3495 1038 3562 curatoris.
1256 3507 1289 3556 25
