3022 4884
562 426 794 488 -114-

82 627 116 678 38.
125 607 173 672 38.
203 607 259 674 Set
281 609 310 674 si
329 610 434 691 gregis
456 610 684 677 usumfructum
706 609 776 693 quis
799 610 922 689 habeat,
944 611 976 675 in
998 609 1100 677 locum
1122 611 1243 677 demor-

127 733 249 792 tuorum
270 725 409 808 'capitum
433 746 471 793 ex
493 727 560 794 fetu
589 728 840 795 usufructuarius
866 729 1051 796 submittere
1077 735 1110 795 et
1137 743 1244 794 nume·

123 863 187 909 rum
208 845 334 926 explere
356 846 471 912 debet:
495 846 553 912 hoc
584 848 666 913 enim
688 845 811 913 Iuliano
837 848 948 930 placet.
999 852 1035 911 ut
1062 862 1134 912 ecce
1161 846 1243 912 cessi

123 963 177 1030 tibi
187 964 418 1032 usumhuctum
430 967 535 1047 gregis
547 966 654 1032 ouium
666 973 806 1031 centum:
819 972 960 1031 mortuae
972 971 1045 1030 sunt
1057 983 1133 1032 oues
1144 965 1241 1043 XXX,

121 1088 208 1148 natae
230 1083 274 1147 L:
297 1088 422 1167 oportet
445 1091 477 1149 te
499 1084 588 1166 gregi
609 1083 698 1149 XXX
720 1084 836 1151 addere
858 1091 892 1149 ut
914 1101 1079 1149 numerum
1101 1083 1160 1151 tibi
1178 1089 1242 1150 tra·
1276 1087 1293 1141 6

120 1201 215 1266 ditum
238 1219 369 1270 seruarc
390 1204 509 1286 possis:
538 1204 637 1268 etita
659 1207 779 1270 ceteras
801 1203 860 1268 XX
886 1220 961 1268 oues
990 1203 1023 1268 in
1050 1203 1242 1285 proprietate

66 1318 254 1386 usahabebis.
279 1322 356 1386 382)
380 1321 414 1386 Si
434 1322 546 1388 uineae
567 1322 677 1403 agriue
698 1321 925 1389 usumfructum
948 1320 1007 1388 tibi
1030 1321 1186 1400 cesserim,
1209 1324 1242 1388 in

43 1424 47 1430 ’
116 1437 220 1502 iocum
244 1440 481 1506 demortuorum
503 1440 640 1521 capitum
662 1457 718 1505 scu
740 1441 951 1505 uetustiorum
967 1441 1132 1506 uinearum
1155 1446 1187 1508 et
1209 1433 1242 1506 in

119 1557 214 1623 locum
238 1558 387 1625 arborum
413 1558 623 1625 laborantium
645 1577 701 1624 seu
731 1558 922 1625 deiectorum
949 1577 1047 1624 nouas
1076 1561 1242 1627 restituere

119 1679 216 1744 debes.
265 1685 350 1745 recte
372 1678 456 1744 enim
478 1683 511 1744 et
533 1679 692 1744 commode
714 1695 824 1760 ιςιιιιιι
846 1683 880 1743 te
902 1678 1003 1746 colere
1025 1679 1127 1755 decet,
1151 1679 1294 1747 cuius1⁰

119 1797 173 1863 tibi
193 1796 395 1865 ususfructus
418 1816 525 1865 cessus
548 1805 598 1864 est
619 1804 651 1864 ct
672 1799 718 1864 ita
740 1803 773 1864 te
793 1815 903 1880 gerere
926 1799 1009 1864 sicut
1022 1798 1122 1864 bonus
1137 1807 1242 1879 pater·

121 1917 253 1982 familias
275 1935 344 1982 sese
365 1924 502 1996 gereret.

76 2043 110 2095 ca.
197 2037 250 2101 39.
285 2035 413 2104 Inuenit
434 2036 505 2116 quis
528 2037 733 2102 thensaurum
755 2037 787 2102 in
809 2055 867 2103 suo
889 2055 978 2118 egro:
1001 2037 1094 2102 diuus
1109 2035 1241 2103 Hadria·

123 2171 177 2219 nos
198 2153 377 2222 naturalem
399 2158 589 2239 aequitatem
612 2162 756 2235 secutus,
787 2157 816 2222 ei
843 2157 1048 2222 thensaurum
1078 2157 1239 2235 concessit,

121 2275 172 2354 qui
191 2274 332 2352 inuenit,
360 2275 443 2341 idem
470 2279 613 2341 statuens
640 2275 762 2356 siquis
789 2275 820 2340 in
842 2292 934 2341 sacro
963 2275 1149 2356 religiosoue
1172 2274 1239 2340 loco
1261 2279 1291 2332 lc

120 2391 247 2459 fumuito
274 2409 349 2458 casu
371 2394 537 2460 inuenerit.
582 2395 609 2459 si
631 2394 701 2474 quis
723 2395 755 2459 in
776 2393 878 2460 alieno
900 2392 996 2459 fundo
1019 2412 1080 2458 non
1103 2392 1178 2458 data
1198 2393 1238 2458 ad

119 2512 173 2578 hoc
194 2531 307 2594 opera,
330 2520 379 2579 set
400 2512 533 2579 fortuitu
561 2513 765 2579 thensaurum
793 2512 962 2590 inuenerit,
991 2511 1156 2577 dimidium
1185 2514 1240 2578 do-

121 2632 200 2697 mino
222 2632 284 2697 soli
306 2632 487 2698 Hadrianus
514 2634 676 2698 concessit.
728 2633 835 2715 itaque
863 2631 1084 2698 conuenienter
1111 2631 1139 2696 si
1168 2631 1238 2713 quis

118 2752 145 2817 in
172 2752 322 2822 Caesaris
355 2755 423 2820 loco
444 2754 650 2821 thensaurum
683 2752 853 2835 inuenerit,
887 2752 1049 2819 dimidium
1076 2751 1239 2820 thensauri

119 2869 246 2939 Caesari
278 2873 472 2954 praestabit,
513 2873 676 2938 dimidium
707 2872 855 2938 inuentor
886 2870 946 2937 sibi
979 2870 1135 2937 retinebit.
1190 2870 1238 2934 sin
1255 2887 1291 2938 ao

120 2997 221 3058 autem
238 2990 308 3074 quis
322 2991 355 3056 in
370 2990 495 3074 publico
508 2991 577 3059 loco
592 2992 642 3058 uel
657 2989 757 3058 fiscali
769 2987 936 3069 inuenerit,
949 2989 1093 3055 similiter
1106 2991 1173 3071 ipse
1184 2987 1238 3068 qui

122 3107 240 3176 inuenit
262 3108 424 3175 dimidium
446 3109 773 3201 apiscitursaltcrum
787 3129 863 3176 uero
886 3108 1048 3174 dimidium
1069 3105 1164 3173 fiscus
1188 3103 1238 3171 nel

79 3229 113 3280 4⁰·
123 3228 234 3296 ciuitas
257 3235 476 3311 consequetur.
520 3229 573 3293 40.
606 3227 769 3294 Naturalis
790 3229 901 3295 modus
928 3225 1146 3310 adquisitionis
1175 3229 1238 3288 tra

117 3345 190 3414 ditio
212 3365 337 3431 quoque
359 3354 418 3415 est.
455 3347 531 3430 quid
553 3353 603 3414 est
623 3347 777 3414 traditio?
799 3364 927 3414 amann
947 3346 979 3412 in
993 3362 1121 3411 manum
1135 3349 1238 3410 uane-

117 3465 188 3532 latio
217 3467 310 3534 facile
343 3466 551 3550 explicabilis,
586 3465 763 3534 naturalem
790 3465 946 3549 quandam
977 3468 1081 3531 actum
1113 3479 1237 3543 praese·
1254 3466 1288 3518 25

118 3583 233 3652 ferens:
257 3585 335 3652 nihil
357 3585 440 3654 enim
462 3590 528 3651 tam
550 3591 682 3652 naturae
704 3583 892 3652 conueniens
914 3591 963 3650 cst
984 3599 1077 3666 quam
1093 3580 1238 3647 uolunta-
