3058 4890
576 415 807 477 -216-

137 601 283 680 atenaco,
305 597 472 682 peculium
488 618 612 682 quoque
642 602 843 684 extinguitur.
895 601 1049 685 quomodo
1077 603 1159 668 enim
1186 619 1254 668 ccu-

137 722 249 787 sistere
271 721 424 803 peculium
447 723 570 803 poterit,
592 740 662 789 cum
685 741 805 801 seruus,
828 739 890 803 quo
911 723 943 788 id
965 722 1077 788 nititur
1099 740 1160 788 non
1182 722 1254 788 sub

137 839 253 905 sistat?
274 847 306 905 et
328 857 437 905 rursus
460 859 511 906 res
533 839 714 923 principalis
736 841 850 906 fundus
873 847 931 919 est,
953 841 1127 907 accessoria
1148 846 1253 906 autem

137 961 205 1024 eius
233 939 485 1025 instrumentum.
539 960 780 1026 instrumentum
809 979 885 1026 uero
918 957 1006 1024 fundi
1039 979 1077 1025 en
1109 958 1253 1051 omnibus

137 1085 270 1156 constat,
293 1097 373 1160 quae
394 1078 551 1143 fructuum
574 1080 822 1161 quaerendorum
845 1078 1054 1158 cogendorum
1077 1083 1109 1142 et
1131 1095 1253 1144 consen·
1288 1081 1304 1130 ⁶

123 1197 311 1263 ¹nandorum
334 1215 429 1264 causa
458 1206 532 1264 suut
562 1205 750 1280 comparata.
799 1197 1065 1278 quaerendorum,
1095 1196 1252 1262 fructuum

137 1335 233 1383 causa
249 1325 323 1382 suut
337 1318 421 1382 serni
436 1318 489 1399 qui
504 1335 582 1398 opus
600 1318 750 1383 rusticum
765 1316 893 1397 faciunt,
916 1316 1013 1381 boues
1027 1321 1133 1380 aratra
1148 1316 1254 1381 biden-

136 1446 185 1504 tes
207 1445 240 1503 et
261 1445 365 1503 cetera
385 1435 420 1502 id
440 1455 546 1519 genus.
590 1437 799 1517 cogendorum
820 1436 978 1502 fructuum
1008 1454 1103 1503 causa
1132 1453 1253 1518 compa-

137 1565 208 1623 rata
244 1564 318 1623 sunt
355 1556 450 1624 falces
488 1565 520 1623 et
556 1574 638 1637 quae
675 1556 827 1622 eiusmodi
864 1562 952 1635 sunm
990 1553 1252 1637 exportandorum

136 1695 232 1744 causa
279 1677 420 1758 plaustra
468 1676 577 1742 corbes
621 1683 653 1742 et
696 1678 799 1742 omnia
842 1674 975 1752 similia;
1020 1676 1251 1759 conseruando·
1273 1683 1305 1734 10

136 1817 205 1862 rum
251 1795 409 1862 fructuum
455 1815 550 1862 causa
600 1797 683 1861 dolia
726 1815 825 1877 cupae
868 1795 1035 1862 lenticulae
1083 1802 1115 1861 et
1160 1812 1253 1875 quae·
1343 1866 1345 1870 ,

136 1935 269 1999 cumque
301 1916 333 1980 id
370 1934 478 1997 genus.
540 1933 610 1981 cum
649 1915 726 1980 haec
765 1915 822 1980 tibi
861 1921 1023 1996 perspecta
1061 1916 1139 1990 sint,
1180 1913 1252 1980 uide

136 2055 217 2120 quae
239 2036 312 2101 inde
334 2043 514 2119 sequantur.
563 2054 690 2100 seruum
721 2052 823 2102 meum
852 2053 922 2100 cum
951 2034 1018 2100 eius
1047 2033 1167 2116 peculio
1195 2032 1252 2098 tibi

95 2131 100 2246 Ἰ
135 2157 255 2237 legaui3
278 2162 465 2222 testamenta
488 2154 614 2220 condito
635 2155 843 2236 superuiuens
866 2172 992 2220 seruum
1015 2152 1178 2218 manumisi
1200 2150 1251 2216 uel

135 2277 272 2341 alienaui
294 2274 346 2343 uel
368 2295 439 2341 eum
460 2277 539 2341 mori
561 2274 707 2358 contigit,
734 2294 794 2341 nou
817 2274 916 2340 solum
945 2275 977 2338 in
1000 2291 1053 2350 eo,
1081 2279 1129 2337 set
1158 2271 1303 2337 etiamne

135 2399 168 2460 in
189 2395 311 2478 peculio
333 2402 436 2460 ratum
458 2413 520 2460 uon
542 2393 710 2461 habebitur
731 2393 887 2477 legatum3
910 2409 946 2457 ec
971 2392 1050 2456 enim
1066 2389 1150 2472 quod
1164 2407 1252 2470 prae·
1359 2451 1363 2461 ,

136 2516 261 2598 cipuum
284 2523 415 2580 estnon
437 2520 573 2592 seruato,
597 2514 769 2580 subsistere
790 2511 996 2577 accessorium
1019 2509 1137 2590 ueqmt.
1170 2507 1250 2573 idem

136 2641 185 2699 est
206 2636 233 2700 si
254 2633 384 2700 fundum
406 2653 509 2700 meum
530 2632 728 2707 instructum,
750 2631 833 2696 idest
854 2647 924 2696 cnm
939 2629 1145 2693 instmmeutn
1166 2624 1252 2709 lega·

136 2755 248 2832 nerim,
270 2755 476 2833 superuiuens
498 2757 604 2817 autem
627 2769 698 2817 eum
726 2748 936 2816 alienanerim.
985 2747 1036 2812 hic
1066 2746 1148 2812 enim
1176 2765 1251 2828 quo·

136 2891 198 2955 que
219 2891 297 2946 cum,
310 2872 553 2938 instrumentum
575 2870 663 2937 fundi
685 2869 889 2936 accessorium
911 2868 969 2946 sit,
997 2868 1135 2949 legatum
1157 2866 1250 2931 etiam
1269 2881 1303 2932 20

86 2989 127 3042 ¹⁸·
138 2993 169 3058 in
192 2995 399 3059 instrumento
422 2994 629 3074 extinguetur.
675 2991 724 3054 18.
755 2986 834 3054 Cum
858 2988 916 3053 tibi
937 3005 1063 3070 gregem
1085 3003 1189 3050 meum
1209 2986 1252 3050 le

135 3131 269 3194 gessem,
291 3111 407 3178 factum
429 3116 478 3178 cst
498 3117 608 3194 postea
630 3121 666 3176 ut
688 3110 728 3175 ad
751 3127 843 3175 unam
866 3125 957 3173 ouem
979 3114 1065 3171 totus
1087 3124 1162 3187 grex
1184 3123 1253 3186 per·

134 3235 272 3298 ueniret:
295 3230 411 3314 poterit
438 3230 609 3312 legatarius
634 3247 714 3311 quae
741 3225 932 3308 superfuerit
960 3243 1050 3291 ouem
1079 3223 1253 3289 uindicare.

134 3351 262 3436 gregem
285 3370 387 3418 meum
411 3349 436 3415 O
457 3351 563 3416 cuium
587 3350 642 3414 tibi
665 3346 787 3430 legaui3
814 3364 864 3412 me
886 3348 978 3419 uiuo,
1007 3343 1077 3409 aliis
1105 3360 1252 3423 superua-

134 3473 303 3551 uientibus‚
332 3471 372 3537 ad
395 3443 447 3536 GE
474 3487 574 3551 usque
604 3487 679 3534 oues
702 3475 813 3534 auctus
842 3473 899 3533 est
951 3466 1044 3530 etiam
1074 3482 1154 3546 quae
1181 3469 1252 3542 post
1269 3485 1308 3537 25

133 3598 355 3658 testamentum
378 3590 538 3682 conditum
561 3592 653 3654 natae
675 3595 749 3652 sunt
770 3588 857 3668 gregi
886 3589 1159 3660 connumerantur,
1188 3599 1252 3647 om·

185 4312 285 4362 nnapu.
298 4301 410 4353 natm.
424 4321 465 4352 rea
480 4307 567 4350 ressa.
