2990 4884
577 398 806 462 „102-

122 584 230 652 sinere
254 591 286 652 et
308 587 489 668 occupantis
510 584 587 652 fieri.
604 584 663 650 init
677 586 771 652 tertia
792 601 915 666 quoque
930 586 1086 652 sententia
1106 565 1250 666 quorun-⁴

124 705 199 770 dam
221 707 274 787 qui
296 711 488 786 putauerunt
515 725 577 772 non
599 705 690 770 aliter
713 724 776 784 me,
798 705 852 786 qui
873 704 1126 784 uulnerauerim,
1149 703 1245 772 domi·

124 843 201 890 num
224 825 342 890 bestiae
363 824 447 903 fieri,
479 844 571 906 quam
601 826 627 889 si
655 842 723 890 eam
753 825 898 906 ceperim.
950 830 981 890 et
1009 825 1089 891 hunc
1118 825 1244 890 tertiam

124 947 313 1010 senteutiam
336 942 498 1010 confirmat
519 943 662 1023 princeps
685 949 807 1019 noster,
831 942 982 1008 eiusmodi
1008 943 1127 1009 addens
1149 944 1244 1009 ratio-

123 1082 211 1128 nem:
236 1065 282 1128 ait
304 1063 385 1129 enim
408 1063 499 1147 plura
525 1064 682 1129 interdum
704 1061 846 1129 accidere
868 1080 970 1144 posse,
997 1081 1077 1144 quae
1105 1081 1154 1128 me
1183 1082 1244 1128 non
1279 1076 1295 1126 o

125 1183 232 1249 sinant
254 1202 322 1248 eam
346 1203 456 1268 capere
479 1184 626 1250 bestiam:
650 1184 730 1249 forte
759 1184 840 1248 enim
868 1181 935 1248 iera
961 1180 1113 1264 quaedam
1142 1181 1245 1248 bellna

123 1321 291 1368 occurrens
313 1301 477 1384 impedinit
499 1321 548 1369 me
569 1303 690 1386 longius
712 1301 866 1385 progredi,
890 1301 940 1368 uel
963 1301 1068 1381 rapuit
1084 1303 1166 1383 qnod
1183 1320 1242 1384 ego

122 1421 375 1499 uulneraueram,
399 1423 458 1499 uei,
475 1440 545 1487 cum
560 1437 773 1503 persequerer,
797 1421 828 1485 in
843 1421 1003 1502 asperiora
1018 1419 1085 1486 loca
1107 1419 1245 1487 incidens

71 1548 112 1598 14.
121 1539 257 1606 bestiam
279 1559 430 1622 quaerere
451 1558 512 1605 non
535 1541 634 1622 potui.
666 1541 715 1603 14.
740 1543 851 1619 Apium
875 1547 988 1604 natura
1018 1540 1084 1604 tera
1107 1548 1164 1604 est.
1189 1540 1244 1605 ita·

121 1678 184 1742 que
205 1677 282 1740 apes
304 1678 385 1741 qnae
407 1659 437 1724 in
461 1665 516 1724 tua
538 1660 650 1725 arbore
666 1660 871 1736 consederint,
895 1660 954 1724 sub
970 1667 1057 1723 tuum
1073 1660 1242 1725 dominium
1264 1668 1295 1720 10

122 1795 184 1843 non
207 1777 393 1860 rediguntur
414 1785 582 1861 antequam
604 1798 657 1844 eas
679 1779 711 1842 in
734 1777 834 1844 alueis
856 1779 1010 1858 includas,
1032 1771 1242 1862 quas'xupti-

121 1897 179 1968 iac
201 1897 342 1962 uocitant
364 1871 491 1963 Graeci:
519 1899 600 1962 sicut
622 1906 655 1962 et
676 1896 855 1976 uolucrum,
883 1915 963 1977 qnae
992 1899 1022 1962 in
1051 1903 1107 1963 tua
1133 1900 1245 1964 arbore

121 2016 231 2080 nidum
254 2015 392 2095 iecerint,
415 2023 582 2097 numquam
598 2016 761 2098 capiantur
781 2017 923 2082 dominus
946 2034 1008 2082 non
1030 2015 1095 2082 fies.
1119 2018 1188 2085 ideo
1213 2018 1241 2082 si

121 2135 194 2215 quis
217 2154 271 2202 eas
293 2155 367 2220 apes
396 2139 428 2202 in
456 2139 590 2221 propriis
618 2139 716 2204 alueis
743 2140 831 2221 prior
859 2139 1037 2215 incluserit,
1073 2141 1101 2206 is
1134 2158 1244 2207 earum

123 2255 268 2320 dominus
290 2256 357 2320 erit.
391 2256 479 2322 fanos
501 2275 634 2339 quoqne,
657 2258 683 2322 si
705 2277 783 2340 quos
805 2260 845 2324 ab
866 2259 978 2340 apibus
1007 2259 1075 2326 fieri
1108 2260 1241 2342 contige·
1264 2271 1294 2322 ro

122 2376 175 2451 rit,
197 2374 329 2454 quilibet
349 2377 483 2442 eximere
506 2382 624 2456 potest:
655 2376 750 2443 etium
777 2379 803 2443 si
830 2380 861 2444 in
888 2379 983 2445 fundo
1012 2398 1081 2446 meo
1110 2379 1238 2445 inerint

121 2493 216 2576 plane
239 2495 265 2560 si
286 2503 453 2577 autequam
475 2498 555 2564 alius
577 2499 667 2565 iauos
690 2501 837 2583 tetigerit,
862 2519 920 2583 ego
933 2499 1125 2582 prouiderim
1148 2505 1244 2582 atque

124 2633 197 2680 eum
218 2615 432 2697 prohibuerim
462 2637 501 2684 ne
528 2619 559 2683 in
587 2619 717 2686 fundum
747 2639 849 2687 meum
879 2619 1076 2703 ingrediatur
1104 2592 1243 2702 (possum

123 2735 207 2800 enim
230 2733 264 2799 id
284 2735 353 2800 iure
375 2735 499 2819 meere),
523 2737 611 2804 iauos
633 2739 709 2805 mihi
731 2757 868 2817 sumam,
896 2741 1019 2806 nemine
1046 2739 1243 2820 impediente.

123 2857 232 2939 apium
260 2878 388 2928 momen
415 2861 500 2943 qnod
529 2864 592 2928 tuis
614 2862 711 2928 alueis
745 2861 861 2930 relictis
889 2863 1077 2940 euolauerit‚
1106 2879 1244 2944 eousque
1262 2881 1296 2932 ao

125 2982 216 3042 tuum
239 2995 308 3044 esre
329 2978 530 3062 intellegitur,
553 2981 650 3048 donec
670 2982 704 3046 in
726 2988 894 3063 conspectu
917 2982 960 3047 sit
974 3001 1031 3048 nec
1047 2978 1181 3048 difficilis
1204 2980 1246 3045 sit

125 3095 195 3162 eius
216 3099 402 3176 persecutio.
445 3115 517 3164 nam
540 3100 568 3166 si
590 3098 725 3165 difficilis
748 3101 789 3166 sit
814 3101 992 3180 persecutio
1019 3101 1070 3166 uei
1100 3116 1246 3180 conspec-

73 3223 194 3281 15.tum
217 3221 306 3281 tuum
328 3217 453 3300 fugerit,
480 3221 661 3300 occupantis
687 3219 751 3287 fiet.
797 3222 847 3286 15.
880 3221 1041 3287 Pauonum
1072 3225 1103 3286 et
1131 3219 1247 3285 colum·

125 3335 239 3400 barum
268 3343 383 3401 natura
410 3335 477 3403 iera
504 3343 571 3404 est:
606 3346 638 3405 et
670 3358 761 3406 nemo
793 3340 877 3406 dicat
908 3339 1005 3406 isdem
1033 3357 1149 3405 morem
1178 3355 1247 3402 esse
