3038 4884
609 421 818 486 ...59-

152 623 225 673 cors
248 613 317 672 erat
339 613 372 672 et
386 605 465 672 nihil
481 605 626 674 ¹lucratus
648 612 705 674 est.
727 613 800 690 post
825 605 952 690 aliquod
979 609 1130 694 temporis
1151 611 1275 678 nuntia·

153 732 224 790 tum
247 731 295 792 est
316 732 437 807 patrem
458 745 568 792 corum
590 727 674 810 apud
696 727 802 794 hostes
825 728 1012 812 decessisse;
1034 735 1067 797 et
1087 730 1158 798 ideo
1173 739 1275 814 pater·

153 862 228 910 nam
251 844 456 910 hereditatem
479 845 619 913 diuidere
642 845 797 914 uolebant.
847 852 880 913 et
906 865 1012 915 socors
1039 850 1165 930 quidem
1191 849 1276 918 filius

154 961 219 1028 ait:
246 983 354 1039 »nune
376 965 521 1045 quoniam
544 983 657 1031 reuera
678 971 768 1048 pater
790 966 939 1046 decessit,
968 968 1068 1035 nostri
1097 969 1174 1035 iuris
1199 969 1275 1038 faed

154 1099 281 1162 sumus;
302 1083 399 1164 igitur
419 1101 634 1167 quaecumque
656 1090 706 1163 tn,
732 1083 830 1151 irater
859 1083 1009 1168 diligens,
1039 1087 1207 1167 quaesisti,
1237 1105 1276 1153 ee
1308 1085 1327 1138 ⁸
1407 1162 1411 1170 ,

154 1207 306 1283 paternae
328 1201 494 1269 hereditati
515 1205 677 1283 accedunt
701 1210 734 1270 et
752 1209 877 1286 oportet
890 1223 947 1270 nos
962 1204 1026 1271 tria
1047 1204 1145 1271 miliia
1167 1223 1276 1272 aureo-

156 1339 228 1388 rum
252 1319 403 1401 diuidere‚
426 1330 462 1388 ut
483 1339 594 1405 nempe
621 1329 754 1404 uterque
782 1323 844 1388 MD
874 1325 1034 1406 accipiat«
1087 1325 1141 1404 qui
1170 1330 1275 1391 autem

154 1441 241 1524 frugi
263 1448 331 1507 erat
352 1441 530 1522 respondit:
555 1459 612 1507 »ex
633 1461 669 1508 eo
699 1447 851 1523 tempore,
880 1461 942 1524 quo
970 1449 1062 1524 pater
1090 1449 1199 1509 noster
1227 1462 1275 1511 ca·

153 1568 230 1644 ptus
253 1567 310 1638 est,
333 1561 385 1627 ilie
404 1561 574 1628 decessisse
589 1560 790 1642 intellegitur,
812 1562 945 1644 ideoque
966 1567 1075 1645 utpote
1098 1561 1276 1645 paterfami-

152 1681 214 1746 lias
242 1698 455 1763 quaecumque
479 1682 620 1749 lucratus
645 1699 728 1757 sum,
764 1680 904 1748 mihimet
930 1681 997 1764 ipse
1029 1682 1186 1765 quaesiui,
1214 1687 1327 1747 non1⁰

154 1799 241 1866 alti·
293 1818 374 1883 quae
405 1800 562 1866 sententia
590 1800 678 1866 nobis
707 1801 813 1866 uerior
842 1801 978 1866 uidetur.
1030 1799 1056 1866 si
1085 1819 1161 1867 uero
1192 1799 1276 1866 filius

154 1937 255 1998 mene,
278 1937 407 1985 meusne
421 1935 520 2001 nepos
535 1920 575 1984 ab
597 1918 740 1985 hostibus
762 1919 913 1999 capiatur,
937 1919 1078 1985 similiter
1092 1919 1222 1985 dicimus
1243 1920 1275 1985 in

155 2057 309 2119 suspenso
333 2057 401 2104 esse
423 2039 473 2104 ius
495 2039 662 2121 potestatis
684 2038 717 2103 in
740 2057 828 2118 eum3
851 2057 910 2104 non
934 2038 1014 2104 enim
1031 2037 1134 2104 dicere
1148 2055 1275 2121 possum

154 2177 206 2224 me
227 2158 326 2224 filium
354 2159 386 2224 in
412 2165 571 2241 potestate
599 2157 715 2224 habere
742 2164 871 2241 propter
900 2159 948 2222 ius
978 2157 1175 2241 postliminii,
1205 2175 1275 2224 oum

155 2280 302 2361 speretur
314 2278 581 2344 eumrediturum.
602 2278 628 2344 si
640 2277 833 2344 enimamea
844 2295 972 2361 prorsus
984 2276 1099 2343 exisset
1109 2281 1274 2360 potestate,
1295 2289 1327 2340 15

155 2397 312 2479 quomodo
328 2379 418 2462 nnlla'
428 2417 463 2462 re
477 2396 706 2462 interueniente
726 2395 799 2462 huic
814 2414 924 2463 rursus
940 2394 1170 2462 subiiceretur?
1191 2401 1277 2478 post»

153 2516 309 2581 liminium
332 2515 414 2582 enim
437 2534 498 2581 non
520 2517 621 2582 solum
642 2534 735 2599 quam
756 2515 790 2582 in
813 2516 891 2582 aiios
905 2516 1074 2582 habueram
1088 2519 1276 2598 potestatem

154 2635 233 2700 mihi
254 2634 403 2711 restituit.
425 2640 474 2700 set
496 2636 590 2701 etiam
613 2653 706 2718 quam
729 2634 781 2700 alii
804 2636 837 2700 in
859 2654 908 2703 me
929 2635 1105 2701 habuerant
1120 2633 1195 2698 mibi
1211 2652 1276 2700 ser-

156 2760 223 2819 uat.
268 2761 318 2820 set
338 2773 459 2837 nequeo
481 2755 584 2821 dicere
605 2756 727 2821 seruari
749 2755 823 2820 mibi
854 2757 903 2821 ius
924 2756 1091 2837 potestatis
1114 2756 1145 2821 in
1167 2753 1276 2834 filium,

155 2874 313 2956 quomodo
337 2875 416 2940 enim
439 2875 577 2940 hostium
600 2893 726 2941 seruum
749 2874 781 2939 in
803 2879 959 2958 potestate
984 2874 1100 2941 babere
1127 2873 1275 2958 possum?
1292 2891 1327 2943 tt

156 2992 266 3072 itaque
287 2995 318 3057 in
345 3011 497 3076 suspenso
526 2994 575 3059 ius
602 2996 767 3077 potestatis
794 3011 862 3060 esse
890 2993 1037 3076 coeperit.
1088 2992 1205 3060 dictum
1228 3000 1277 3060 est

156 3118 263 3177 autem
286 3111 620 3194 postliminiuma
647 3113 786 3180 limine
815 3119 848 3179 et
875 3117 975 3193 post.
1024 3131 1095 3178 nam
1124 3129 1195 3178 eum
1221 3112 1274 3192 qui

155 3232 196 3296 ab
219 3230 362 3298 hostibus
384 3238 496 3314 captus
517 3233 550 3298 iu
570 3231 649 3299 fines
671 3250 870 3299 romanorum
893 3235 1002 3313 postea
1025 3231 1168 3311 peruenit
1191 3233 1276 3294 reete

157 3350 290 3416 dicimus
317 3350 509 3432 postliminio
530 3371 703 3418 reuersum.
746 3351 855 3417 limina
877 3352 959 3418 enim
989 3349 1071 3414 sicut
1090 3349 1123 3412 in
1145 3346 1275 3413 aedibus

155 3467 250 3535 finem
272 3470 426 3553 quendem
453 3469 563 3538 domus
590 3469 722 3551 faciunt,
751 3473 797 3538 ita
822 3477 854 3538 et
882 3468 1003 3537 romani
1032 3467 1154 3552 imperii
1182 3465 1275 3535 finem
1292 3485 1327 3538 25

156 3594 282 3656 ueteres
305 3609 375 3658 esse
396 3588 574 3656 uoluerunt.
618 3591 690 3656 binc
712 3598 744 3657 et
765 3591 858 3656 limen
881 3590 984 3657 dictus
1006 3598 1069 3670 est,
1093 3588 1183 3672 quasi
1205 3583 1275 3650 finis
