3022 4884
687 400 921 466 -139-

976 586 1022 610 Ν)

245 591 341 654 σύντα
363 588 488 675 δωρεὰν
503 579 646 676 ’Ὅμηρος
667 589 685 652 ὁ
708 585 871 664 θεσπέσιος
899 586 933 651 ἐν
955 611 992 674 ιη
1029 551 1182 673 θδοσσείφ
1203 586 1256 649 τὸν
1283 583 1379 673 Τηλέ-

245 713 346 780 μιηγον
368 691 483 774 εῖσάγει
504 691 674 778 Πειραίφῑ)
697 689 763 771 [διὰ
785 688 901 753 τούτων
926 693 989 754 τῶν
1011 688 1111 753 ἐπῶν·

349 843 470 931 Πείραι’
493 845 529 909 ου’
551 846 614 929 γάρ
636 843 668 907 τ’
689 843 777 929 ἴδμεν
800 844 886 918 ὅπως
908 841 993 907 ἔσται
1015 843 1092 907 τάδε
1115 841 1192 929 ἔργα

349 947 449 1012 εἶκεν
470 947 527 1034 ἐμὲ
546 951 723 1036 μνηστῆρες
744 947 900 1034 ἀγήνορες
922 945 956 1009 ἐν
978 947 1142 1031 μεγάροισι

349 1048 452 1136 λάθρη
474 1049 648 1125 κτείναντες
669 1048 810 1133 πατρώϊα
833 1048 933 1112 πάντα
955 1048 1121 1126 δάσωνται,

350 1153 443 1218 αύτδν
465 1150 577 1241 ἔχοντά
596 1175 632 1217 σε
652 1151 788 1238 βούλομ’
810 1139 986 1239 ἐπαυρέμεν
1008 1152 1029 1240 ἦ
1050 1175 1115 1216 τινα
1138 1151 1253 1215 τῶνδε·

349 1255 377 1320 ελ
398 1254 435 1319 δέ
456 1255 486 1318 κ’
509 1255 573 1338 ἐγὼ
595 1254 728 1320 τούτοισι
751 1255 848 1340 φύνον
870 1256 919 1318 καί
941 1259 1021 1341 κῆρα
1044 1253 1192 1339 φυτεύσω

349 1358 388 1446 δὴ
410 1358 481 1422 τότε
501 1381 553 1442 μοι
571 1358 710 1447 χαίροντι
732 1355 839 1442 φέρειν
861 1358 940 1440 πρὸς
961 1355 1092 1442 δώματα
1110 1356 1254 1445 χαίρων]

333 1513 363 1578 2.
397 1511 559 1590 Μαθάντες
580 1512 651 1599 περὶ
673 1517 727 1599 τῆς
748 1513 862 1580 mortis
883 1533 981 1579 causa
1002 1515 1128 1599 δωρεᾶς
1146 1513 1282 1599 εἴπωμεν
1298 1513 1375 1598 περὶ
1394 1517 1421 1569 2

199 1634 232 1688 ιο
247 1620 310 1680 τῶν
325 1617 439 1680 λοιπῶν
454 1617 597 1702 δωρεῶν,
619 1616 728 1691 αἵτινές
751 1617 824 1682 εἰσιν
843 1617 927 1682 inter
941 1617 1042 1682 uiu08.
1065 1616 1199 1699 γίνονται
1215 1617 1252 1680 δὲ
1267 1615 1374 1698 αὗται,

245 1717 399 1806 μηδεμίας
421 1718 542 1796 ἐννοίας
564 1718 766 1806 ὑποκειμένης
787 1718 943 1797 θανάτου,
972 1718 1083 1794 αίτινες
1113 1719 1276 1783 άπεοίκασι
1304 1725 1375 1796 τοῖς

247 1821 399 1906 ληγάτοις.
444 1821 557 1898 ταύτας
578 1820 614 1884 δὲ
636 1823 671 1885 τι)
694 1822 793 1908 πέρας
815 1821 979 1910 ἐσχηκυίας
1010 1824 1055 1897 ὡς
1084 1821 1190 1912 ἔτυχεν
1217 1821 1253 1885 ού
1276 1820 1374 1885 δυνα-

248 1924 301 1987 τὸν
330 1923 558 1988 ἀνακαλεῖσθαι.
608 1928 804 2005 περαιοῦνται
838 1924 875 1988 δέ
909 1924 998 2009 ἡνίκα
1027 1928 1044 1988 ί
1080 1925 1283 2012 δωρούμενος
1312 1925 1374 2009 τὴν

248 2025 362 2091 οἰκείαν
384 2026 511 2115 δηλώση
531 2027 657 2114 γνώμην
671 2025 704 2090 ἐν
719 2028 897 2112 γράμμασιν
912 2025 932 2113 ἢ
948 2029 996 2091 καὶ
1010 2028 1172 2112 ἀγράφως.
1197 2028 1246 2091 καί
1259 2027 1374 2110 ὥςπερ

198 2130 266 2197 λύδ
288 2131 436 2216 πωλήσας
456 2131 491 2194 τὸ
514 2129 635 2214 πραθὲν
655 2130 858 2213 ἀναγκάζεται
877 2129 1081 2209 ίτυδλίεύθίο,
1105 2130 1207 2208 ούτως
1228 2129 1375 2202 διάταξις

248 2230 304 2296 τοῦ
317 2232 483 2318 ἡμετέρου.
503 2231 661 2315 βασιλέως
683 2231 736 2295 τὸν
758 2232 963 2319 δωρήσασθαι
983 2231 1180 2319 βουληθέντα
1203 2229 1375 2313 ἀναγκάζει
1506 2281 1507 2290 ,

249 2333 373 2420 πάντως
385 2331 578 2417 παραδοῦναι
595 2335 630 2398 τι)
648 2333 796 2420 δωρηθὲν
813 2335 847 2397 τὸ
864 2334 979 2398 τέλειον
996 2334 1174 2424 παρέχουσα
1193 2359 1229 2421 τη
1246 2333 1374 2420 δωρεᾷ,

249 2434 277 2499 ελ
289 2437 338 2500 καί
358 2439 401 2525 μὴ
418 2435 691 2525 παρηκολούθησεν
706 2437 725 2524 η
740 2435 911 2501 traditiwn.
935 2437 971 2501 ου’
984 2438 1081 2522 μύνον
1097 2437 1132 2500 δὲ
1148 2434 1239 2500 τοῦτο
1254 2436 1332 2522 ὑπὲρ
1341 2435 1373 2519 ²)

249 2542 310 2602 τῶν
326 2537 503 2628 δεχομένων
519 2539 574 2614 τὰς
588 2538 714 2624 δωρεὰς
728 2540 746 2602 ὁ
761 2538 989 2623 εὐσεβέστατος
1002 2540 1124 2625 ημῶνθ)
1138 2539 1286 2622 βασιλεὺς
1300 2538 1375 2602 ἐνο·

196 2660 232 2714 20
245 2638 432 2728 μοθέτησεν,
454 2641 531 2704 ἀλλὰ
552 2643 600 2705 καί
621 2640 730 2728 έτερύν
751 2666 779 2705 τι
800 2642 1061 2727 προσεπενύησεν.
1084 2642 1113 2703 οί
1125 2641 1182 2725 μὲν
1197 2643 1258 2726 γὰρ
1274 2642 1373 2705 πάλαι

247 2741 506 2826 βεβασιλεοκύτες
528 2745 583 2821 τὰς
604 2743 729 2831 δωρεὰς
759 2745 908 2830 ἐμφανεῖς
935 2745 983 2808 ἐπί
1013 2745 1161 2828 πράξεως
1189 2746 1374 2832 ὑπομνημά-

247 2867 311 2908 των
338 2844 474 2927 γίνεσθαι
497 2847 779 2933 παρεκελεύσαντο,
815 2847 877 2929 εἴγε
904 2849 924 2932 η
952 2846 1061 2932 δωρεὰ
1085 2849 1201 2930 μείζων
1228 2849 1274 2936 εἴη
1304 2851 1373 2911 τῶν

144 2971 145 2976 ’
248 2933 279 3011 ἶ
290 2946 351 3012 ννο.
380 2947 472 3022 αὐτὸς
493 2948 531 3011 δέ
553 2947 696 3015 ἐθέσπισε
719 2950 811 3038 μέχρι
829 2937 864 3036 φ
882 2951 933 3015 νν0
954 2951 1002 3014 καί
1023 2951 1249 3036 δινεμφάνιοτον
1272 2948 1372 3015 οὖσαν

248 3045 411 3136 ἐρρῶσθαι
433 3051 487 3136 την
509 3050 644 3136 δωρεάν.
673 3051 787 3140 ἐξηῦρε
810 3052 849 3116 δέ
869 3073 952 3128 τινας
967 3054 1093 3140 δωρεὰς
1114 3053 1152 3131 ἃς
1171 3052 1284 3142 μηδέ4)
1306 3053 1373 3117 δεῖ·

197 3170 232 3225 25
249 3151 321 3216 σθαι
344 3151 490 3238 πράξεως
512 3151 596 3218 εἶπεν
617 3154 858 3241 ὑπομνημάτων,
883 3155 910 3218 εί
938 3157 986 3219 καί
1008 3161 1117 3239 τώνφ
1145 3156 1198 3220 ννο
1219 3155 1373 3240 ὑπερβαί-

250 3278 329 3318 νοιεν
362 3256 417 3342 την
445 3256 613 3344 ποσύτητα,
649 3256 719 3320 ἀλλ’
748 3255 827 3346 ἔχειν
857 3256 951 3332 αύτας
978 3260 1015 3320 τὸ
1043 3258 1168 3347 ἰσχυρὸν
1197 3257 1370 3324 ἐκέλευσεν.

249 3356 345 3421 πολλὰ
367 3359 417 3422 καὶ
438 3355 532 3444 ἕτερα
555 3360 634 3444 πρὸς
656 3359 847 3445 πλατυτέραν
869 3357 980 3433 ἐξοδόν
1003 3383 1036 3424 τε
1067 3360 1115 3424 καί
1137 3360 1222 3448 ἰσχὺν
1251 3359 1369 3447 ἐξηῦμε

317 3665 340 3732 1)
358 3669 479 3734 κεραιῶν
490 3665 541 3720 Ιώ.
558 3666 588 3722 Ρ.
606 3663 707 3722 Vorsfis
725 3667 822 3722 dosunt
838 3667 866 3722 in
883 3667 922 3722 M.
939 3667 989 3722 11².
1007 3669 1067 3737 (Ll.
1085 3668 1138 3733 δε.)
1156 3674 1185 3723 ει
1202 3669 1289 3722 tribus
1310 3669 1369 3724 cod.

249 3749 329 3818 paris.
348 3749 380 3803 In
397 3749 459 3804 12¹⁸.
476 3749 526 3805 Ιώ.
545 3757 572 3805 et
589 3751 618 3805 P.
637 3751 728 3806 insunt
744 3767 828 3820 usque
846 3752 881 3806 ad
892 3749 1066 3806 ’δάσωνται’.
1089 3753 1121 3806 In
1139 3753 1177 3807 M.
1195 3753 1245 3808 L².
1264 3760 1293 3809 ει
1314 3769 1370 3809 uno

248 3834 330 3903 paris.
347 3832 456 3889 additur
471 3832 588 3889 (κεῖνται
610 3835 639 3888 ἐν
663 3841 701 3908 τῷ
726 3839 802 3908 θητιρ
827 3836 886 3907 [Οδ.
912 3839 957 3905 17,
974 3840 1069 3907 788α.]
1088 3839 1122 3892 τά
1146 3838 1220 3909 έπη’.
1255 3840 1325 3894 item·
1339 3839 1368 3894 in

249 3917 324 3973 libris
348 3917 438 3973 latinis
464 3920 656 3976 desiderantur.
700 3921 762 3976 uide
791 3921 828 3977 sis
855 3937 919 3990 ετςο
945 3938 980 3977 ne
1006 3929 1080 3978 totus
1105 3924 1150 3979 hio
1183 3926 1259 3980 locus
1287 3940 1369 3994 quom

249 4002 354 4057 uncinis
374 4003 527 4059 inclusimus
545 4007 740 4075 expungendus
765 4007 807 4062 sit.
842 4008 968 4063 Getarum
985 4009 1154 4065 Dindorfium
1171 4025 1230 4066 sum
1248 4016 1367 4066 secutus.

249 4088 282 4142 In
310 4087 359 4143 12⁶.
388 4087 439 4143 hae
468 4090 559 4145 insunt
587 4092 746 4146 uariatum:
782 4091 868 4158 ἴσμεν.
896 4095 931 4146 τὰ
962 4093 1043 4163 ἔργα.
1073 4095 1169 4164 λάθρα.
1200 4095 1365 4148 δάσσωνται.

249 4172 273 4240 ²)
289 4173 353 4242 περί
371 4172 412 4228 vi.
430 4173 463 4230 R.
567 4176 590 4243 ³)
608 4175 632 4231 d.
650 4176 699 4233 11².
718 4177 748 4232 F.
852 4182 876 4246 ⁴)
893 4181 931 4250 μὴ
950 4179 981 4235 F.
