3022 4884
555 413 787 475 -142-

112 596 258 678 princeps
279 600 385 662 noster
404 581 553 663 diuinum
568 599 724 681 quandum
747 599 831 664 ulam
857 599 986 666 remedii
1012 599 1155 674 inuenit,
1177 619 1232 683 per

112 731 204 796 quem
229 721 262 780 et
283 714 407 782 Primus
429 719 648 796 manumissor,
677 723 709 782 et
730 717 831 784 Titius
858 718 913 798 qui
939 736 1000 783 non
1029 719 1231 796 consenserit,

111 839 142 899 et
164 851 289 912 seruus,
309 835 363 918 qni
385 837 560 903 libertatem
583 838 752 920 acceperit,
782 838 849 904 eius
871 837 1092 903 constitutione
1114 838 1232 920 gratius

110 971 203 1035 egere
226 955 356 1034 possint
401 956 566 1036 constituit
587 958 669 1023 enim
692 976 818 1023 seruum
841 959 965 1023 omnino
995 976 1065 1024 esse
1087 956 1232 1036 liberum,

111 1091 179 1138 eum
202 1079 237 1138 et
260 1078 384 1140 ueteres
403 1074 507 1156 legum
529 1074 645 1142 latores
668 1078 766 1142 multa
789 1083 821 1142 et
848 1082 958 1143 eontra
980 1095 1160 1143 communes
1183 1095 1232 1142 re·
1266 1083 1282 1134 ὅ

110 1193 199 1274 gulas
222 1193 333 1260 fenore
353 1194 507 1260 libertatis
530 1196 767 1276 introduxerint
791 1202 823 1262 et
837 1195 976 1262 Primum
998 1196 1144 1279 gaudere,
1161 1215 1231 1261 oum

109 1311 240 1379 libertas
263 1314 305 1378 ab
328 1332 364 1379 eo
387 1316 530 1397 impositu
556 1323 627 1381 rute
654 1315 823 1395 habeatur,
854 1323 886 1382 et
913 1316 1030 1382 soeium
1056 1314 1231 1380 indemnem

109 1435 302 1510 conseruari,
325 1435 425 1516 pretio
447 1435 532 1500 serui
555 1435 583 1500 ei
605 1453 625 1499 a
647 1431 871 1501 manumissore
893 1433 1040 1501 restituto
1056 1432 1231 1500 seeundum

110 1558 232 1632 portem
256 1553 393 1630 dominii,
415 1555 496 1620 sieut
517 1555 586 1636 ipsa
607 1554 829 1622 constitutione
851 1554 1036 1620 continetur.

289 2197 408 2276 ¹Quibus
433 2197 568 2263 alienare
590 2198 663 2265 lieet
685 2199 736 2264 uel
758 2217 829 2264 non.
874 2199 996 2266 Titulus
1019 2200 1048 2262 8.

194 2384 401 2450 Reoensenda
421 2390 495 2451 sunt
516 2388 595 2451 mira
609 2387 762 2468 quaedem
785 2386 934 2469 exempla,
956 2388 1070 2469 quibus
1087 2387 1230 2452 dominus
1250 2395 1282 2448 10

112 2501 182 2568 rem‘
199 2521 291 2570 suam
313 2506 450 2571 alienare
472 2525 532 2571 non
555 2506 662 2588 possit,
685 2507 735 2571 uel
757 2508 811 2589 qui
834 2506 977 2572 dominns
999 2524 1062 2571 non
1083 2507 1125 2572 sit
1146 2512 1232 2572 reete

111 2622 228 2690 alienet
250 2625 333 2706 quod
360 2642 451 2690 suum
481 2644 542 2690 non
572 2630 628 2690 est.
681 2633 713 2690 et
742 2625 908 2708 inprimis
937 2625 1077 2691 dicamus
1106 2626 1231 2708 quando

111 2742 257 2808 dominus
279 2743 417 2810 alienare
438 2749 581 2826 nequeat.
626 2750 662 2808 ut
678 2727 759 2811 vecee
785 2743 898 2810 mulier
925 2745 1080 2825 quaedum
1108 2744 1177 2811 uiro
1199 2745 1231 2810 in

110 2861 343 2928 matrimonium
366 2864 529 2930 coniuncta
550 2880 601 2928 res
623 2861 797 2945 complures
821 2863 902 2929 dotis
919 2865 1041 2930 nomine
1056 2865 1157 2941 dedit;
1180 2863 1232 2929 de·

112 2979 156 3045 dit
178 2983 276 3047 etiem
297 2981 428 3048 fundum
450 2987 482 3048 et
503 3001 559 3064 per
580 2981 779 3048 traditionem
807 2982 906 3047 omnis
934 2984 1016 3051 dotis
1043 2984 1147 3049 uirum
1178 2984 1231 3048 do·
1251 3009 1282 3061 15

112 3101 231 3167 minum
254 3102 424 3168 constituit.
468 3103 576 3185 itaque
597 3102 648 3168 uir
669 3108 777 3186 utpote
804 3102 948 3168 dominus
976 3120 1119 3186 quaeque
1146 3102 1175 3168 ei
1198 3103 1231 3167 in

113 3219 218 3286 dotem
249 3221 323 3286 data
349 3228 424 3287 sunt
450 3219 614 3288 elienando
642 3223 792 3290 transfert
821 3223 990 3289 dominium
1018 3225 1049 3288 in
1079 3222 1232 3305 aecipien-
1292 3281 1296 3290 .

113 3345 191 3414 tem;
213 3340 344 3406 fundum
366 3346 470 3408 autem
493 3342 628 3410 dotalem
649 3344 699 3410 lex
714 3341 795 3408 Iulio
809 3343 946 3409 alienare
961 3343 990 3408 ei
1005 3346 1102 3416 uetut
1125 3358 1234 3422 quum-
