3058 4890
599 408 831 472 -212-

106 611 228 662 1o.cnm
250 593 448 662 ususfructus
471 613 509 660 ex
530 594 686 662 lucratiua
708 613 803 661 causa
825 595 900 660 mibi
922 597 1110 677 peruenerit
1150 597 1199 662 10.
1223 598 1282 664 Le-

157 712 246 794 gauit
267 713 395 795 quidam
417 712 495 780 mihi
517 711 648 780 fundum
671 733 788 780 meum:
815 714 926 782 inutile
955 722 1004 781 est
1026 715 1175 798 legatum,
1198 719 1281 800 quod

157 833 241 897 enim
263 849 365 897 mcum
389 838 446 910 est,
471 831 607 913 amplius
629 851 733 899 meum
756 831 824 899 fieri
847 837 965 917 nequit.
1003 842 1035 901 et
1057 835 1129 902 licet
1151 837 1282 904 lundum

157 967 261 1016 meum
288 950 507 1029 alienauerim,
541 971 604 1017 non
639 952 804 1018 debebitur
837 952 913 1018 mibi
941 971 1043 1035 neque
1070 953 1188 1022 fundus
1214 958 1282 1039 ipse

106 1087 146 1138 11.
157 1088 260 1153 neque
286 1070 353 1136 eius
382 1070 568 1137 aestimatio.
626 1072 674 1134 ll.
709 1071 810 1136 Titius
841 1090 984 1150 seruum,
1012 1089 1104 1154 quem
1129 1073 1162 1139 in
1191 1075 1281 1142 bouis
1316 1101 1332 1152 5

153 1187 304 1274 babebat,
327 1188 402 1253 mibi
423 1187 560 1270 legauit,
590 1207 660 1256 cum
683 1188 781 1254 Primi
811 1208 879 1257 esse
909 1191 1044 1272 putaret
1089 1193 1177 1260 ualet
1197 1194 1283 1276 lega·

157 1315 235 1385 tum,
257 1307 359 1388 magis
386 1307 467 1374 enlm
496 1307 592 1384 ualet,
615 1307 699 1392 quod
721 1316 769 1375 est
797 1310 828 1375 in
851 1309 987 1378 ueritate
1015 1329 1110 1394 quam
1137 1313 1220 1394 quod
1249 1312 1282 1378 in

157 1427 313 1508 opinione.
359 1431 409 1491 set
430 1433 462 1492 et
485 1428 511 1492 si
533 1446 638 1493 meum
660 1427 803 1511 legatarii
826 1429 981 1496 hominem
1012 1448 1081 1496 esse
1103 1430 1281 1510 crediderit,

157 1547 245 1612 ualet
266 1546 467 1614 nibilominus
489 1546 640 1630 legatum,
663 1567 733 1614 cum
754 1547 787 1614 id
811 1545 955 1614 effectum
986 1549 1095 1615 utilem
1118 1550 1281 1616 sortiatur.

158 1666 324 1733 defunctus
346 1667 428 1734 enim
451 1667 594 1733 dominus
617 1672 686 1733 erat
708 1685 828 1748 egoque
851 1667 1019 1734 dominium
1041 1688 1101 1734 non
1117 1667 1282 1747 habebam,
1303 1676 1335 1726 10

157 1786 293 1868 ideoque
315 1787 424 1868 procul
453 1787 675 1869 impedimento
705 1787 823 1870 poterit
850 1788 1021 1854 dominium
1050 1789 1090 1853 ad
1120 1808 1170 1855 me
1198 1794 1282 1854 tran·

109 1921 147 1973 12.
158 1905 230 1970 sire.
277 1905 325 1968 12.
360 1906 438 1970 Rem
460 1911 547 1972 tuam
570 1905 646 1970 mihi
668 1907 797 1989 legasti,
828 1925 958 1990 eamque
980 1909 1187 1989 superuiuens
1208 1908 1283 1974 alie·

158 2025 251 2090 uasti.
288 2024 333 2090 ait
355 2023 465 2090 Gelsus
488 2028 515 2090 si
539 2026 643 2091 animo
666 2026 824 2092 adimendi
845 2034 878 2092 et
901 2046 999 2094 meam
1022 2027 1188 2094 deserendi
1210 2028 1283 2092 anri·

158 2143 264 2210 citiam
293 2162 361 2210 eam
389 2144 593 2224 alienaueris,
627 2145 701 2211 mihi
731 2146 869 2228 legatum
896 2166 957 2213 non
984 2147 1101 2213 deberi.
1151 2147 1178 2211 si
1208 2165 1284 2212 uero

159 2281 221 2328 non
244 2269 373 2345 propter
394 2261 475 2329 hanc
498 2281 627 2329 causam
650 2283 719 2330 eam
741 2263 904 2341 alienasti,
934 2263 1028 2348 (forte
1057 2263 1139 2330 enim
1167 2262 1283 2345 publici
1304 2278 1335 2328 15

159 2381 339 2463 priuatique
361 2381 442 2447 aeris
465 2383 557 2447 alieni
581 2382 672 2463 copia
694 2389 725 2448 te
755 2384 926 2464 urguebat3
958 2382 1009 2449 uel
1037 2402 1114 2449 auro
1141 2384 1283 2465 indigens

159 2520 228 2567 eam
252 2500 453 2582 uendidisti),
481 2499 617 2582 legatum
640 2521 659 2566 a
681 2507 736 2566 tuo
769 2502 885 2568 herede
914 2509 1032 2584 petam:
1067 2501 1161 2582 idque
1190 2499 1286 2566 Seue·

159 2637 214 2684 rus
243 2623 275 2684 et
306 2620 482 2697 Antoninus
510 2620 749 2702 rescripserunt.
806 2620 935 2684 fundum
964 2621 1125 2703 proprium
1156 2621 1282 2699 quidam

160 2738 234 2803 mihi
250 2756 321 2804 cum
341 2739 487 2820 legasset,
511 2739 718 2821 superuiuens
742 2757 811 2803 eum
835 2737 1000 2818 obligauit:
1024 2739 1064 2804 ab
1087 2738 1185 2805 isdem
1200 2738 1285 2820 prin·

160 2858 282 2937 cipibus
304 2858 491 2939 rescriptum
515 2864 564 2922 cst
586 2874 648 2923 non
670 2857 773 2924 uideri
795 2859 848 2938 qui
870 2876 937 2923 rem
959 2857 1077 2940 obligat
1091 2859 1195 2924 animo
1218 2859 1283 2924 adi·
1301 2879 1336 2930 ao

160 2977 263 3042 mendi
286 2978 318 3043 id
333 2976 444 3054 lacere,
468 2977 602 3060 ideoque
621 2977 794 3057 legatarius
809 2985 900 3059 coget
915 2977 1071 3056 heredem,
1093 2997 1167 3043 acre
1182 2976 1283 3043 alieno

159 3097 307 3162 creditori
335 3097 455 3175 soluto,
485 3096 662 3180 hypotheca
688 3096 822 3162 liberum
850 3094 1013 3180 praedium
1040 3105 1210 3178 praestare.
1256 3096 1284 3162 si

159 3215 231 3298 quis
253 3216 334 3280 enim
363 3235 432 3282 cum
461 3215 536 3280 mihi
565 3215 695 3281 fundum
724 3217 878 3299 legasset,
909 3217 1116 3297 superuiuens
1144 3215 1283 3281 eiusdem

160 3334 328 3401 alienasset
350 3343 488 3415 partem,
511 3353 592 3418 quae
622 3354 683 3400 non
713 3343 761 3401 est
790 3336 926 3401 alienata
956 3353 1029 3416 pars
1056 3334 1131 3399 mihi
1159 3337 1284 3400 omnino
