3038 4884
569 422 778 487 ..52..

121 606 229 670 ttonem
263 605 429 688 quaesiuit.
480 606 558 674 haec
590 613 695 675 autem
729 608 833 674 omnia
867 609 899 674 in
932 607 1147 689 filiofamilias,
1183 609 1236 691 qui

121 724 297 807 adoptatur,
319 743 382 790 non
404 725 629 805 obseruantur‚
657 726 790 808 primum
818 727 894 808 quia
919 745 991 794 eum
1018 727 1051 793 iu
1080 733 1237 809 potestate

120 841 230 910 habere
251 845 420 926 adoptator
441 861 503 910 non
526 843 738 928 intellegitur,
761 846 898 912 secundo
921 853 1026 912 autem
1050 848 1125 932 quta
1147 851 1237 927 pater

120 967 225 1040 exstat,
248 961 303 1044 qni
325 961 403 1028 bees
425 963 530 1028 omnia
550 963 718 1043 prouidere
740 963 849 1044 possit,
871 966 978 1048 sicque
998 983 1069 1031 enm
1085 966 1234 1047 adoptan-

85 1079 104 1129 4·
119 1081 186 1144 dum
207 1081 344 1148 tradere.
389 1082 419 1145 4.
453 1079 502 1147 De
523 1083 625 1148 tribus
648 1081 833 1148 differentiis
855 1082 952 1149 locuti
982 1101 1105 1158 snmns;
1128 1083 1236 1150 uidea-
1270 1083 1287 1134 ⁵

119 1217 180 1264 mns
201 1199 299 1265 etiem
322 1199 399 1282 quid
421 1201 503 1267 inter
525 1201 761 1282 adrogationam
790 1207 823 1266 et
851 1201 1051 1283 adoptionem
1073 1219 1236 1268 commune

117 1319 245 1386 intersit.
276 1320 465 1402 ubicumque
494 1319 576 1386 enim
604 1319 815 1401 discrepantia
843 1321 996 1403 quaedam
1023 1321 1234 1398 inueniuntur,

116 1436 157 1502 ibi
176 1443 208 1504 et
230 1439 408 1504 communit
429 1444 512 1505 sunt.
558 1445 607 1504 est
628 1443 733 1504 antem
756 1439 786 1503 iu
809 1437 918 1520 primis
947 1438 979 1503 id
1006 1439 1133 1523 utrique
1154 1457 1236 1506 oom-

116 1574 211 1623 mnne.
267 1563 394 1640 oportet
426 1574 498 1623 eum
531 1561 585 1638 qui
617 1559 762 1640 adoptet,
802 1559 951 1624 maiorem
984 1564 1061 1624 natu
1089 1577 1158 1625 esse
1188 1577 1236 1639 eo,

116 1676 163 1757 qni
184 1675 217 1740 in
241 1675 443 1758 adoptionem
465 1677 652 1757 suscipitur,
681 1696 750 1744 cum
778 1677 905 1758 adoptio
934 1675 977 1742 ad
999 1676 1234 1744 similitudinem
1254 1681 1287 1734 10

116 1799 242 1864 naturae
266 1797 309 1861 sit
331 1797 521 1863 introducta.
572 1803 687 1863 natura
714 1803 820 1862 autem
849 1797 948 1864 maior
976 1802 1068 1878 pater
1089 1797 1153 1865 filio
1175 1805 1233 1864 est.

115 1915 235 1981 uidetur
259 1919 342 1981 enim
365 1935 422 1998 pro
443 1922 584 1982 monstro
607 1935 676 1983 esse
703 1923 736 1982 et
762 1936 781 1981 n
808 1921 922 1983 natura
949 1916 1105 1996 alienum,
1138 1917 1167 1982 si
1189 1917 1235 1982 di·

114 2041 198 2100 catur
218 2033 306 2100 filius
329 2035 433 2100 senior
454 2052 524 2101 ease
552 2041 652 2117 patre.
697 2036 774 2102 baec
800 2054 876 2102 uero
904 2041 937 2100 et
964 2035 996 2100 in
1024 2015 1234 2101 filiisIamilias

114 2154 198 2218 etin
226 2152 507 2234 patribusfamilias
537 2155 756 2220 obseruantur.
816 2153 910 2220 debet
944 2154 1051 2236 itaque
1080 2172 1152 2220 eum
1180 2155 1234 2237 qui

114 2262 237 2353 adoptat
262 2269 369 2337 XVIII
391 2273 481 2337 annis
502 2273 708 2354 praeoedere:
732 2273 886 2340 eiusmodi
908 2277 1014 2338 autem
1037 2276 1125 2337 aetas
1141 2271 1234 2352 piena
1254 2284 1285 2336 ιε

114 2391 260 2470 pubertas
282 2390 413 2466 dicitur,
441 2396 551 2473 utpote
573 2410 637 2474 qua
658 2391 703 2456 illi
731 2410 856 2474 quoqne
877 2391 1066 2472 pubescant,
1094 2390 1148 2473 qui
1171 2394 1234 2455 tnr-

79 2514 99 2564 5·
115 2507 179 2575 dius
201 2509 236 2575 id
260 2511 429 2590 patiantur,
452 2511 630 2576 omnimodo
650 2510 761 2576 habttu
783 2511 923 2592 corporis
945 2515 1160 2576 concurrente.
1202 2511 1232 2574 5.

112 2627 251 2694 Alterum
274 2629 351 2712 quid
371 2627 454 2694 inter
476 2634 643 2713 utramque
665 2647 828 2695 commune
850 2635 908 2694 est.
945 2645 1072 2710 possum
1096 2629 1178 2694 enim
1201 2629 1233 2694 in

112 2747 207 2814 iocum
234 2748 361 2828 nepotis
390 2748 452 2816 uel·
467 2748 587 2831 neptis,
618 2747 671 2815 nel
703 2749 885 2831 pronepotis
919 2754 952 2815 et
985 2749 1147 2830 proneptis
1181 2747 1233 2815 nel

79 2867 98 2918 6·
113 2865 257 2950 deinceps
289 2867 456 2947 adoptare,
491 2867 635 2953 quamuis
664 2865 763 2932 dlinm
792 2886 853 2933 non
882 2866 1024 2933 habeam.
1074 2867 1105 2930 6.
1142 2867 1233 2946 Quod
1251 2885 1286 2936 ao

113 2989 211 3052 autem
243 2986 388 3051 dicturus
415 3003 484 3052 sum
515 2971 586 3052 non'
605 2993 670 3051 tam
696 2988 778 3053 inter
807 2986 1000 3064 communia,
1028 3004 1122 3070 quam
1151 2986 1235 3052 inter

114 3104 320 3187 discrepantia
342 3103 540 3170 referendum
564 3111 628 3184 est,
657 3121 791 3185 qnorum
819 3111 967 3186 quartum
995 3106 1071 3171 erit:
1099 3122 1172 3170 nam
1201 3103 1233 3168 in

113 3223 334 3302 patrefamilias
360 3224 462 3290 locum
484 3242 546 3288 non
568 3222 673 3290 habet
724 3225 756 3288 in
784 3223 886 3290 locum
914 3225 996 3290 enim
1018 3221 1140 3303 nepotis
1162 3237 1233 3302 pos·

113 3359 176 3406 sum
198 3341 336 3409 alienum
358 3340 457 3408 filium
479 3343 640 3424 adoptare.
685 3349 717 3408 et
738 3359 849 3408 rursus
872 3342 1007 3407 alienum
1031 3345 1174 3421 nepotem
1201 3337 1234 3402 in

112 3461 208 3527 locum
230 3459 298 3526 filii.
342 3479 444 3544 neque
466 3461 547 3526 enim
571 3478 697 3528 necesse
720 3467 769 3526 est
795 3461 953 3538 ordinem,
982 3459 1037 3541 qni
1067 3456 1153 3539 apud
1180 3474 1234 3521 na·
1251 3465 1299 3547 ²⁵.

80 3574 99 3630 ⁷·
113 3578 241 3646 turalem
270 3585 319 3646 est
349 3585 487 3662 patrem,
516 3597 654 3645 seruare.
700 3582 729 3643 7.
766 3579 885 3658 Quarto
913 3584 1019 3644 autem
1046 3576 1124 3643 illud
1153 3591 1234 3642 com·

114 3713 201 3766 mune
224 3704 284 3765 est.
330 3698 451 3783 siquis
475 3699 598 3781 nepotis
628 3697 696 3766 loco
726 3699 882 3780 quendam
910 3697 1055 3777 adoptet,
1085 3703 1233 3776 tanquam
