3022 4884
584 403 816 466 -141-

140 588 332 668 nominaque
351 589 448 656 rebus
467 589 691 670 consequentia
713 606 786 656 esse
805 590 948 667 studens,
979 589 1083 654 sanxit
1107 585 1262 654 eiusmodi

141 707 327 776 donationes
342 727 404 775 non
426 707 518 774 modo
540 707 659 790 augeri,
682 714 844 774 constante
866 708 1073 784 matrimonio,
1097 711 1146 771 set
1168 705 1261 771 etiam

141 827 266 893 initium
285 828 438 910 accipere.
484 827 510 892 si
532 827 614 894 euim
637 826 761 893 mulieri
783 828 815 892 in
838 828 1034 894 matrimonio
1056 827 1115 893 sim
1135 825 1263 892 coninu-

141 952 223 1030 ctus,
244 947 333 1013 nulla
352 956 426 1015 ante
448 949 573 1029 nuptias
596 947 764 1014 donatione
780 949 811 1012 iu
832 965 899 1014 eam
916 946 1039 1014 conlata
1053 965 1110 1028 per
1125 945 1260 1030 inopiam

141 1067 224 1134 iorte
245 1073 302 1133 aut
324 1088 361 1134 ex
382 1067 444 1133 alia
465 1085 569 1145 causa,
597 1086 679 1134 nunc
707 1073 811 1132 autem
841 1086 909 1132 eam
938 1067 1128 1133 constituere
1156 1064 1260 1141 uelim,
1294 1062 1311 1113 δ

141 1188 252 1270 procul
273 1187 495 1270 impedimento
518 1187 549 1252 id
572 1184 640 1252 fieri
662 1185 764 1264 iussit,
788 1203 844 1252 neo
865 1187 999 1268 amplius
1028 1191 1144 1250 »ante
1166 1202 1261 1267 nup·

140 1307 243 1373 iias*
269 1305 468 1372 donationem
490 1311 540 1371 set
564 1313 757 1387 »propter
779 1306 965 1388 nuptias«
991 1305 1121 1370 eandem
1144 1305 1260 1370 uocari.

140 1426 176 1491 in
198 1427 246 1490 his
269 1444 344 1507 ergo
366 1429 406 1491 sit
433 1427 560 1492 donatio
587 1433 679 1490 aute
705 1427 866 1508 nuptias
893 1425 959 1490 doti
986 1424 1097 1490 similis
1126 1431 1158 1489 et
1185 1440 1261 1503 quo

140 1543 234 1610 modo
262 1564 324 1610 non
353 1550 475 1610 tantum
502 1564 618 1629 augere
645 1551 678 1611 et
707 1545 802 1611 etiam
837 1545 1027 1609 constituere
1056 1544 1160 1609 dotem
1190 1551 1261 1625 post

139 1665 268 1746 nuptias
290 1664 462 1731 celebratas
484 1665 565 1744 licet,
588 1664 635 1731 ita
657 1670 689 1730 et
710 1665 893 1730 donationes
915 1669 1044 1746 propter
1059 1663 1184 1744 nuptias
1199 1681 1259 1727 non
1280 1673 1312 1724 10

140 1791 264 1849 tantum
287 1785 403 1865 nuptiis
430 1786 616 1849 antecedant
646 1788 695 1849 set
725 1784 817 1848 etiam
846 1791 917 1864 post
946 1799 1052 1846 aarum
1080 1781 1261 1847 celebratio

94 1929 120 1977 4.
141 1915 217 1968 nem·
237 1905 270 1969 et
291 1923 329 1968 ex
350 1910 440 1985 parte
462 1903 541 1968 fiant
566 1911 598 1969 et
625 1903 748 1967 initium
778 1908 913 1968 sumant.
957 1902 986 1964 4.
1021 1900 1163 1966 Diximus
1186 1900 1261 1984 iegi-

139 2022 235 2087 timos
256 2022 472 2104 adquisitionis
495 2022 603 2087 modos
626 2022 844 2104 usucapionem
867 2026 899 2085 et
922 2020 1004 2101 longi
1020 2021 1168 2102 temporis
1190 2037 1257 2101 pos-

139 2143 311 2206 sessionem
333 2159 411 2207 esse.
462 2140 495 2205 Si
527 2141 597 2224 quis
628 2148 733 2206 tamen
766 2144 912 2222 quaerat,
945 2140 1151 2221 antiquiorem
1186 2158 1260 2221 quo-

139 2280 203 2343 que
225 2262 350 2326 modum
372 2260 591 2341 adquisitionis
606 2263 759 2325 inueniet:
782 2261 864 2324 idest
878 2260 926 2324 ius
942 2257 1152 2323 adcrescendi.
1177 2260 1259 2341 quod
1280 2261 1310 2312 1⁵

139 2379 205 2444 tale
239 2387 315 2444 erat.
371 2380 494 2445 Primus
527 2385 559 2444 et
586 2378 687 2443 Titius
718 2395 910 2444 communem
938 2396 1064 2444 seruum
1092 2377 1258 2443 habebant.

138 2496 265 2563 Primus
286 2507 395 2565 contra
417 2499 491 2564 Titii
514 2498 707 2565 uoluntatem
730 2517 921 2564 communem
946 2497 1168 2563 manumiserat
1197 2515 1259 2562 ser·

139 2635 216 2681 uum
238 2618 376 2684 uindicta
398 2620 466 2683 siue
488 2625 684 2684 testamento.
716 2620 782 2684 iure
803 2625 909 2683 autem
931 2615 1018 2682 ciuili
1041 2633 1077 2682 eo
1100 2634 1175 2683 casu
1198 2634 1258 2681 non

138 2742 264 2801 tantum
286 2737 414 2803 inritum
437 2743 507 2803 erat
526 2738 611 2818 quod
633 2737 758 2802 Primus
780 2737 912 2815 iecerat,
936 2742 985 2802 set
1014 2737 1109 2802 etiam
1137 2735 1260 2802 amitte·

139 2855 224 2920 batis
238 2860 359 2937 partem
375 2873 468 2938 quam
483 2856 637 2922 habuerat
652 2857 797 2942 dominii3
820 2856 934 2921 amissa
955 2860 1059 2921 autem
1082 2873 1156 2936 pars
1177 2856 1258 2921 Titio
1277 2855 1311 2906 2⁰

138 2977 210 3039 iure
231 2976 430 3041 adcrescendi
453 2976 672 3057 quaerebatur,
696 2977 741 3039 ita
764 2979 799 3041 ut
821 2976 967 3057 deinceps
983 2975 1083 3040 Titius
1098 2976 1183 3041 solus
1205 2975 1258 3040 do-

138 3096 243 3159 minus
271 3094 370 3161 fieret.
422 3101 470 3161 set
496 3114 565 3160 cum
594 3097 729 3176 pessimo
755 3094 858 3160 iuerat
888 3093 1026 3176 exemplo
1054 3102 1086 3159 et
1114 3093 1258 3160 libertate

138 3231 267 3279 seruum
289 3213 468 3279 defraudari
491 3220 523 3279 et
545 3213 779 3279 humanioribus
794 3232 869 3294 erga
884 3232 1011 3279 seruum
1026 3214 1157 3279 dominis
1173 3210 1259 3278 dam·

137 3349 214 3397 num
235 3331 360 3410 inferri,
390 3350 443 3402 eos
465 3339 571 3398 autem
601 3332 655 3412 qui
678 3351 779 3415 neque
801 3333 869 3399 eius
895 3332 1040 3400 misereri
1063 3350 1164 3415 neque
1186 3351 1259 3414 eum

138 3450 258 3516 uellent
279 3451 518 3530 manumittere,
552 3450 677 3528 lucrari,
701 3469 771 3516 cum
794 3455 839 3516 eis
860 3453 965 3534 portio
992 3455 1076 3520 serui
1098 3453 1257 3520 adcresee·
1276 3458 1310 3510 2⁵

137 3576 197 3648 ret,
224 3570 362 3636 inuidiae
383 3570 510 3651 plenum
532 3570 684 3636 eiusmodi
712 3570 762 3636 ius
790 3589 860 3638 esse
889 3571 1070 3638 existimaus
1098 3573 1258 3652 piissimus
