3022 4884
557 425 789 490 ..130-

118 629 183 676 mm
205 617 333 678 cautum
357 617 434 678 erat
477 617 509 678 et
528 631 620 679 nemo
642 617 734 696 putet
760 612 898 695 iniquam
924 631 993 679 asse
1021 613 1137 695 legem,
1159 613 1234 695 quia

116 729 193 796 alter
219 748 279 812 per
300 731 521 813 usucapionem
544 731 687 798 dominns
707 731 812 812 fieret,
840 731 921 798 alter
948 751 1000 800 res
1021 751 1096 800 suas
1124 733 1232 815 perde·

114 855 169 916 ret
212 851 274 916 boc
300 851 382 916 enim
404 850 475 916 ideo
497 859 657 932 receptum
679 857 743 929 est,
771 865 811 917 ne
832 869 883 917 res
911 851 1083 918 deteriores
1112 851 1233 919 fierent.

114 969 244 1052 quisquc
269 970 351 1033 enim
373 970 533 1050 ambigens
549 978 654 1035 utrum
670 971 730 1036 sibi
752 987 813 1049 res,
836 986 928 1051 quam
950 972 1140 1053 possidebat,
1162 990 1232 1054 per·

118 1089 231 1154 tineret
254 1108 363 1168 necne,
385 1108 447 1154 non
468 1090 607 1167 impense
628 1107 734 1154 curam
764 1091 918 1166 nauabat,
945 1089 1068 1156 neritus
1097 1092 1233 1173 quando
1265 1089 1283 1140 ⁶

114 1227 171 1289 que
194 1227 235 1273 ne
258 1226 354 1273 uerus
375 1207 501 1274 adesset
523 1206 666 1273 dominus
689 1209 742 1291 qui
764 1227 830 1274 rem
852 1209 911 1273 sibi
933 1210 1117 1276 uindicaret
1151 1211 1233 1276 aius·

113 1326 193 1391 modi
226 1332 334 1392 autem
369 1327 610 1408 cogitationibus
642 1325 891 1408 neglegentiores
923 1308 1065 1394 homines
1097 1326 1231 1409 fiebant;

111 1447 216 1528 eisque
243 1445 499 1528 neglegentibus,
526 1447 594 1512 sine
616 1465 691 1512 cura
713 1464 764 1512 res
785 1447 969 1526 manebant,
992 1453 1025 1513 at
1046 1447 1231 1514 conuenien-

111 1572 159 1630 ter
185 1586 238 1632 res
269 1567 314 1630 ita
340 1564 509 1648 derelictae
534 1564 817 1647 pessumdabantur
844 1585 881 1631 ac
908 1557 1127 1645 corruebant]
1153 1587 1231 1650 quos

112 1685 271 1751 hominum
295 1685 423 1752 timores
450 1685 501 1751 lex
521 1685 581 1751 XII
611 1686 788 1751 tabularum
818 1704 888 1752 cum
914 1686 1025 1752 tollere
1055 1695 1230 1764 conaretur,
1250 1693 1283 1746 10

112 1807 275 1871 constituit
297 1807 369 1870 anni
392 1807 527 1888 spatium
549 1806 581 1871 in
604 1807 786 1886 mobilibus,
814 1795 932 1872 biennii
954 1808 986 1870 in
1009 1805 1229 1888 immobilibus,

113 1927 192 1991 intra
214 1926 300 2009 quod
322 1925 383 1991 nisi
405 1926 548 1992 dominus
570 1927 712 2005 adesset,
735 1943 786 1992 res
815 1925 899 2007 apud
925 1945 1137 2008 possessorem
1166 1946 1230 1993 ma-

113 2051 213 2111 neret:
236 2064 340 2127 nequo
366 2052 435 2112 erat
464 2064 520 2112 cur
547 2044 662 2110 domini
691 2051 914 2128 quererentur,
944 2043 1120 2112 sufficiebat
1147 2047 1230 2111 enim

114 2167 156 2230 eis
177 2167 253 2231 anni
276 2166 421 2232 biennius
442 2171 565 2247 tempus
587 2166 628 2231 ad
649 2164 850 2245 inquirendas
875 2181 927 2229 res
957 2183 1041 2230 suas.
1090 2164 1137 2230 itn
1163 2165 1230 2246 qui·

112 2285 177 2350 dem
200 2286 252 2351 lex
274 2283 342 2348 XII
363 2285 551 2350 tabulamm.
601 2293 708 2350 noster
736 2288 842 2350 antem
867 2283 1013 2365 princeps
1041 2282 1168 2349 meliore
1195 2289 1228 2348 et
1247 2294 1280 2347 tn

112 2405 294 2471 humaniore
315 2401 444 2469 consilio
475 2422 551 2468 usus
582 2403 760 2482 constituit,
789 2422 829 2469 ne
856 2405 963 2468 statim
990 2402 1105 2468 domini
1132 2403 1227 2468 rebus

111 2526 173 2591 suis
195 2527 473 2605 defraudarentur,
500 2543 600 2608 neque
629 2533 714 2593 certo
742 2523 810 2590 loco
837 2525 896 2590 hoc
924 2540 1014 2588 suum
1043 2521 1226 2588 beneficium

112 2646 271 2724 conclusit,
294 2653 343 2713 set
364 2646 541 2728 generalem
570 2646 609 2712 de
636 2645 695 2712 hoc
722 2643 934 2726 promulgauit
963 2641 1225 2721 constitutionem,

109 2784 170 2846 qua
196 2771 323 2834 cautum
354 2772 417 2847 est,
453 2772 489 2831 ut
518 2783 568 2832 res
596 2764 722 2846 quidem
749 2765 880 2832 mobiles
909 2763 1023 2843 ubique
1048 2781 1105 2845 per
1133 2762 1226 2830 trien-

111 2887 192 2952 nium
216 2887 451 2968 usucapiantur,
473 2885 647 2952 immobiles
667 2890 773 2951 autem
795 2883 957 2966 perlongi
984 2881 1134 2964 temporis
1156 2899 1224 2964 pos·
1242 2892 1278 2944 no

111 3008 288 3086 sessionem,
309 3006 402 3084 idest,
425 3004 556 3070 dominis
583 3003 819 3083 praesentibus,
848 3000 1015 3079 decennio,
1044 3000 1225 3067 absentibus

113 3131 214 3192 antem
242 3125 355 3208 uiginti
384 3126 483 3190 annis.
541 3129 578 3189 ut
611 3142 681 3190 ecce
713 3121 844 3188 fundum
877 3119 1034 3187 tradidisti
1067 3117 1142 3184 mihi
1174 3119 1225 3184 uel

110 3245 200 3312 aedes
229 3264 309 3327 quae
329 3243 411 3311 Titio
439 3243 639 3328 pertinerent,
663 3256 732 3308 cum
755 3248 897 3324 putarem
920 3245 953 3305 to
974 3256 1044 3306 esso
1066 3236 1224 3302 dominum

112 3367 276 3432 etidcirco
299 3363 463 3433 bonafide
485 3364 667 3447 acciperem.
718 3363 744 3428 si
771 3361 898 3443 quidem
925 3357 1027 3424 Titius
1057 3356 1140 3422 domi
1166 3361 1223 3433 est,

110 3483 222 3551 sufficit
243 3485 316 3549 mihi
339 3485 379 3550 ad
402 3502 471 3550 rem
492 3482 736 3564 usucapiendam
757 3481 955 3566 decennium3
976 3478 1023 3544 sin
1046 3480 1151 3542 autem
1173 3493 1223 3558 pe·
1240 3494 1276 3546 so

115 3620 202 3686 tagre
224 3605 276 3682 sit,
298 3605 410 3684 uiginti
432 3603 516 3668 anni.
559 3600 591 3666 id
614 3618 690 3667 uero
711 3618 773 3666 non
802 3597 893 3665 modo
922 3597 955 3664 in
984 3595 1122 3677 praediis
1144 3593 1226 3660 itali·

110 3721 161 3802 cis,
183 3733 232 3790 set
256 3723 350 3790 etiam
371 3723 404 3788 in
425 3720 678 3806 prouincialibus,
700 3738 781 3804 quae
803 3719 875 3786 olim
890 3717 1095 3801 stipendiaria
1116 3720 1148 3782 et
1169 3703 1225 3780 tui·
