<?xml version="1.0" encoding="UTF-8"?>
<!DOCTYPE html PUBLIC "-//W3C//DTD XHTML 1.0 Transitional//EN"
    "http://www.w3.org/TR/xhtml1/DTD/xhtml1-transitional.dtd">
<html xmlns="http://www.w3.org/1999/xhtml" xml:lang="en" lang="en">
 <head>
  <title>
</title>
<meta http-equiv="Content-Type" content="text/html;charset=utf-8" />
  <meta name='ocr-system' content='tesseract 3.04.00' />
  <meta name='ocr-capabilities' content='ocr_page ocr_carea ocr_par ocr_line ocrx_word'/>
</head>
<body>
  <div class='ocr_page' id='page_1' title='image "./institutionumgr00linggoog_0124.png"; bbox 0 0 3038 4884; ppageno 0'>
   <div class='ocr_carea' id='block_1_1' title="bbox 734 426 945 489">
    <p class='ocr_par' dir='ltr' id='par_1_1' title="bbox 734 426 945 489">
     <span class='ocr_line' id='line_1_1' title="bbox 734 426 945 489; baseline 0 -17"><span class='ocrx_word' id='word_1_1' title='bbox 734 426 945 489; x_wconf 73' lang='lat'>‚46-</span> 
     </span>
    </p>
   </div>
   <div class='ocr_carea' id='block_1_2' title="bbox 252 608 1446 1112">
    <p class='ocr_par' dir='ltr' id='par_1_2' title="bbox 252 608 1504 1112">
     <span class='ocr_line' id='line_1_2' title="bbox 287 608 1404 698; baseline 0.001 -25"><span class='ocrx_word' id='word_1_2' title='bbox 287 611 410 684; x_wconf 81' lang='grc' dir='ltr'><em>ῦιπλοῦς</em></span> <span class='ocrx_word' id='word_1_3' title='bbox 450 611 601 693; x_wconf 68' lang='grc' dir='ltr'><em>γάμουςῙ)</em></span> <span class='ocrx_word' id='word_1_4' title='bbox 641 613 867 676; x_wconf 83' lang='grc' dir='ltr'><em>συνιστάντων.</em></span> <span class='ocrx_word' id='word_1_5' title='bbox 921 610 1026 687; x_wconf 79' lang='grc' dir='ltr'><em>οὐδεὶς</em></span> <span class='ocrx_word' id='word_1_6' title='bbox 1061 609 1116 676; x_wconf 87' lang='grc' dir='ltr'><em>οῦν</em></span> <span class='ocrx_word' id='word_1_7' title='bbox 1156 613 1209 698; x_wconf 73' lang='grc' dir='ltr'><em>τὴν</em></span> <span class='ocrx_word' id='word_1_8' title='bbox 1236 608 1404 692; x_wconf 60' lang='grc' dir='ltr'><em>μείξοναῑ)</em></span> 
     </span>
     <span class='ocr_line' id='line_1_3' title="bbox 286 713 1404 803; baseline 0.001 -27"><span class='ocrx_word' id='word_1_9' title='bbox 286 714 415 776; x_wconf 82' lang='grc' dir='ltr'><em>κώλυσιν</em></span> <span class='ocrx_word' id='word_1_10' title='bbox 438 713 538 797; x_wconf 74' lang='grc' dir='ltr'><em>ἀφείς,</em></span> <span class='ocrx_word' id='word_1_11' title='bbox 561 713 641 797; x_wconf 87' lang='grc' dir='ltr'><em>λέγοι</em></span> <span class='ocrx_word' id='word_1_12' title='bbox 664 715 703 800; x_wconf 76' lang='grc' dir='ltr'><em>δὴ</em></span> <span class='ocrx_word' id='word_1_13' title='bbox 724 715 779 801; x_wconf 77' lang='grc' dir='ltr'><em>τὴν</em></span> <span class='ocrx_word' id='word_1_14' title='bbox 802 715 966 802; x_wconf 77' lang='grc' dir='ltr'><em>κεφαλαὴν</em></span> <span class='ocrx_word' id='word_1_15' title='bbox 982 715 1138 801; x_wconf 80' lang='grc' dir='ltr'><em>τιμωρίαν,</em></span> <span class='ocrx_word' id='word_1_16' title='bbox 1154 715 1326 798; x_wconf 74' lang='grc' dir='ltr'><em>τραπταίζει</em></span> <span class='ocrx_word' id='word_1_17' title='bbox 1347 718 1404 803; x_wconf 82' lang='grc' dir='ltr'><em>τὴν</em></span> 
     </span>
     <span class='ocr_line' id='line_1_4' title="bbox 286 814 1404 904; baseline 0.004 -26"><span class='ocrx_word' id='word_1_18' title='bbox 286 814 436 878; x_wconf 85' lang='grc' dir='ltr'><em>ἐλάττονα</em></span> <span class='ocrx_word' id='word_1_19' title='bbox 457 818 506 878; x_wconf 84' lang='grc' dir='ltr'><em>καί</em></span> <span class='ocrx_word' id='word_1_20' title='bbox 530 815 609 897; x_wconf 92' lang='grc' dir='ltr'><em>λέγει</em></span> <span class='ocrx_word' id='word_1_21' title='bbox 630 815 814 883; x_wconf 84' lang='grc' dir='ltr'><em>κιιιιυλιίσθαι</em></span> <span class='ocrx_word' id='word_1_22' title='bbox 838 817 891 904; x_wconf 84' lang='grc' dir='ltr'><em>τὴν</em></span> <span class='ocrx_word' id='word_1_23' title='bbox 913 819 1081 903; x_wconf 76' lang='grc' dir='ltr'><em>συνάφειαι</em></span> <span class='ocrx_word' id='word_1_24' title='bbox 1109 817 1160 882; x_wconf 77' lang='grc' dir='ltr'><em>διὰ</em></span> <span class='ocrx_word' id='word_1_25' title='bbox 1188 819 1241 904; x_wconf 82' lang='grc' dir='ltr'><em>τὴν</em></span> <span class='ocrx_word' id='word_1_26' title='bbox 1271 823 1326 903; x_wconf 74' lang='grc' dir='ltr'><em>τῆς</em></span> <span class='ocrx_word' id='word_1_27' title='bbox 1346 819 1404 900; x_wconf 82' lang='grc' dir='ltr'><em>άγ-</em></span> 
     </span>
     <span class='ocr_line' id='line_1_5' title="bbox 280 917 1446 1008; baseline 0.004 -27"><span class='ocrx_word' id='word_1_28' title='bbox 280 919 418 1008; x_wconf 81' lang='grc' dir='ltr'><em>γιστείας</em></span> <span class='ocrx_word' id='word_1_29' title='bbox 455 920 549 1007; x_wconf 70' lang='grc' dir='ltr'><em>τιμήν.</em></span> <span class='ocrx_word' id='word_1_30' title='bbox 601 921 629 983; x_wconf 81' lang='lat'><em>7.</em></span> <span class='ocrx_word' id='word_1_31' title='bbox 673 918 715 984; x_wconf 82' lang='grc' dir='ltr'><em>Οὐ</em></span> <span class='ocrx_word' id='word_1_32' title='bbox 744 920 877 1006; x_wconf 81' lang='grc' dir='ltr'><em>δύναμαι</em></span> <span class='ocrx_word' id='word_1_33' title='bbox 908 921 1111 1004; x_wconf 60' lang='grc' dir='ltr'><em>λαμβάνεινῦ)</em></span> <span class='ocrx_word' id='word_1_34' title='bbox 1140 921 1196 1008; x_wconf 80' lang='grc' dir='ltr'><em>την</em></span> <span class='ocrx_word' id='word_1_35' title='bbox 1233 921 1307 984; x_wconf 91' lang='grc' dir='ltr'><em>ποτέ</em></span> <span class='ocrx_word' id='word_1_36' title='bbox 1337 945 1402 1006; x_wconf 90' lang='grc' dir='ltr'><em>μου</em></span> <span class='ocrx_word' id='word_1_37' title='bbox 1422 917 1446 970; x_wconf 82' lang='lat'><em>⁷·</em></span> 
     </span>
     <span class='ocr_line' id='line_1_6' title="bbox 252 1021 1403 1112; baseline 0.002 -27"><span class='ocrx_word' id='word_1_38' title='bbox 252 1021 443 1105; x_wconf 79' lang='grc' dir='ltr'><em>ῦπενθερὰν</em></span> <span class='ocrx_word' id='word_1_39' title='bbox 476 1021 495 1110; x_wconf 69' lang='grc' dir='ltr'><em>ἢ</em></span> <span class='ocrx_word' id='word_1_40' title='bbox 521 1024 577 1108; x_wconf 79' lang='grc' dir='ltr'><em>την</em></span> <span class='ocrx_word' id='word_1_41' title='bbox 605 1021 678 1086; x_wconf 87' lang='grc' dir='ltr'><em>ποτέ</em></span> <span class='ocrx_word' id='word_1_42' title='bbox 704 1047 767 1108; x_wconf 90' lang='grc' dir='ltr'><em>μου</em></span> <span class='ocrx_word' id='word_1_43' title='bbox 796 1025 958 1110; x_wconf 83' lang='grc' dir='ltr'><em>μητρυιάν,</em></span> <span class='ocrx_word' id='word_1_44' title='bbox 982 1024 1121 1111; x_wconf 55' lang='grc' dir='ltr'><em>έπειῦὴέ)</em></span> <span class='ocrx_word' id='word_1_45' title='bbox 1152 1028 1281 1112; x_wconf 83' lang='grc' dir='ltr'><em>μητρῶν</em></span> <span class='ocrx_word' id='word_1_46' title='bbox 1314 1025 1403 1098; x_wconf 78' lang='grc' dir='ltr'><em>τάξιν</em></span> 
     </span>
    </p>
   </div>
   <div class='ocr_carea' id='block_1_3' title="bbox 233 1123 1506 3366">
    <p class='ocr_par' dir='ltr' id='par_1_3' title="bbox 283 1123 1505 1520">
     <span class='ocr_line' id='line_1_7' title="bbox 285 1123 1400 1214; baseline 0.004 -28"><span class='ocrx_word' id='word_1_47' title='bbox 285 1124 454 1212; x_wconf 76' lang='grc' dir='ltr'><em>ἐπέχουσιν.</em></span> <span class='ocrx_word' id='word_1_48' title='bbox 499 1131 546 1187; x_wconf 83' lang='grc' dir='ltr'><em>καί</em></span> <span class='ocrx_word' id='word_1_49' title='bbox 570 1125 708 1208; x_wconf 85' lang='grc' dir='ltr'><em>πενθερὰ</em></span> <span class='ocrx_word' id='word_1_50' title='bbox 727 1125 786 1210; x_wconf 90' lang='grc' dir='ltr'><em>μέν</em></span> <span class='ocrx_word' id='word_1_51' title='bbox 809 1126 887 1189; x_wconf 85' lang='grc' dir='ltr'><em>ἐστιν</em></span> <span class='ocrx_word' id='word_1_52' title='bbox 909 1127 929 1212; x_wconf 76' lang='grc' dir='ltr'><em>ὴ</em></span> <span class='ocrx_word' id='word_1_53' title='bbox 953 1131 1006 1214; x_wconf 76' lang='grc' dir='ltr'><em>τῆς</em></span> <span class='ocrx_word' id='word_1_54' title='bbox 1030 1125 1107 1212; x_wconf 77' lang='grc' dir='ltr'><em>ἐμῆς</em></span> <span class='ocrx_word' id='word_1_55' title='bbox 1121 1131 1259 1213; x_wconf 76' lang='grc' dir='ltr'><strong><em>γαμετῆς</em></strong></span> <span class='ocrx_word' id='word_1_56' title='bbox 1278 1123 1400 1214; x_wconf 80' lang='grc' dir='ltr'><em>μήτηρ·</em></span> 
     </span>
     <span class='ocr_line' id='line_1_8' title="bbox 283 1225 1401 1318; baseline 0.004 -31"><span class='ocrx_word' id='word_1_57' title='bbox 283 1227 417 1312; x_wconf 85' lang='grc' dir='ltr'><em>μητρυιὰ</em></span> <span class='ocrx_word' id='word_1_58' title='bbox 439 1227 506 1309; x_wconf 57' lang='grc' dir='ltr'><em>ῦὲῦ)</em></span> <span class='ocrx_word' id='word_1_59' title='bbox 529 1228 549 1313; x_wconf 76' lang='grc' dir='ltr'><em>ὴ</em></span> <span class='ocrx_word' id='word_1_60' title='bbox 572 1230 625 1290; x_wconf 91' lang='grc' dir='ltr'><em>τοῦ</em></span> <span class='ocrx_word' id='word_1_61' title='bbox 649 1227 725 1312; x_wconf 78' lang='grc' dir='ltr'><em>ἐμοῦ</em></span> <span class='ocrx_word' id='word_1_62' title='bbox 749 1229 866 1311; x_wconf 73' lang='grc' dir='ltr'><em>πατρὸς</em></span> <span class='ocrx_word' id='word_1_63' title='bbox 892 1225 1025 1314; x_wconf 78' lang='grc' dir='ltr'><em>γαθετ),</em></span> <span class='ocrx_word' id='word_1_64' title='bbox 1056 1227 1094 1302; x_wconf 78' lang='grc' dir='ltr'><em>ἐξ</em></span> <span class='ocrx_word' id='word_1_65' title='bbox 1119 1228 1157 1317; x_wconf 71' lang='grc' dir='ltr'><em>ἧς</em></span> <span class='ocrx_word' id='word_1_66' title='bbox 1184 1229 1238 1292; x_wconf 83' lang='grc' dir='ltr'><em>οῦκ</em></span> <span class='ocrx_word' id='word_1_67' title='bbox 1259 1227 1401 1318; x_wconf 75' lang='grc' dir='ltr'><em>ἐτέχθην.</em></span> 
     </span>
     <span class='ocr_line' id='line_1_9' title="bbox 285 1329 1403 1418; baseline -0.001 -24"><span class='ocrx_word' id='word_1_68' title='bbox 285 1330 486 1416; x_wconf 86' lang='grc' dir='ltr'><em>προςτέθειιια</em></span> <span class='ocrx_word' id='word_1_69' title='bbox 510 1329 545 1393; x_wconf 84' lang='grc' dir='ltr'><em>ιλὲ</em></span> <span class='ocrx_word' id='word_1_70' title='bbox 566 1330 726 1395; x_wconf 83' lang='grc' dir='ltr'><em>ιιιίνταῦθα</em></span> <span class='ocrx_word' id='word_1_71' title='bbox 753 1330 788 1394; x_wconf 83' lang='grc' dir='ltr'><em>τά</em></span> <span class='ocrx_word' id='word_1_72' title='bbox 820 1351 984 1408; x_wconf 77' lang='grc' dir='ltr'><em>νποτετ,</em></span> <span class='ocrx_word' id='word_1_73' title='bbox 1013 1330 1061 1394; x_wconf 80' lang='grc' dir='ltr'><em>ἵνα</em></span> <span class='ocrx_word' id='word_1_74' title='bbox 1090 1331 1183 1403; x_wconf 76' lang='grc' dir='ltr'><em>ῦείξυι</em></span> <span class='ocrx_word' id='word_1_75' title='bbox 1210 1332 1254 1418; x_wconf 82' lang='grc' dir='ltr'><em>μη</em></span> <span class='ocrx_word' id='word_1_76' title='bbox 1284 1331 1403 1395; x_wconf 80' lang='grc' dir='ltr'><em>ὑπόντα</em></span> 
     </span>
     <span class='ocr_line' id='line_1_10' title="bbox 284 1432 1505 1520; baseline 0 -24"><span class='ocrx_word' id='word_1_77' title='bbox 284 1435 322 1496; x_wconf 86' lang='grc' dir='ltr'><em>τὰ</em></span> <span class='ocrx_word' id='word_1_78' title='bbox 345 1439 399 1519; x_wconf 80' lang='grc' dir='ltr'><em>τῆς</em></span> <span class='ocrx_word' id='word_1_79' title='bbox 421 1433 591 1520; x_wconf 73' lang='grc' dir='ltr'><em>ἀγχιστείας</em></span> <span class='ocrx_word' id='word_1_80' title='bbox 613 1432 694 1497; x_wconf 85' lang='grc' dir='ltr'><em>α”ιτια</em></span> <span class='ocrx_word' id='word_1_81' title='bbox 717 1433 870 1515; x_wconf 79' lang='grc' dir='ltr'><em>πρόσωπα</em></span> <span class='ocrx_word' id='word_1_82' title='bbox 892 1432 999 1496; x_wconf 82' lang='grc' dir='ltr'><em>διὰτὸ</em></span> <span class='ocrx_word' id='word_1_83' title='bbox 1022 1433 1198 1520; x_wconf 78' lang='grc' dir='ltr'><em>τελευτῆσαι</em></span> <span class='ocrx_word' id='word_1_84' title='bbox 1206 1433 1232 1514; x_wconf 80' lang='lat'><em>⁶)</em></span> <span class='ocrx_word' id='word_1_85' title='bbox 1255 1433 1308 1520; x_wconf 78' lang='grc' dir='ltr'><em>τὴν</em></span> <span class='ocrx_word' id='word_1_86' title='bbox 1324 1433 1402 1519; x_wconf 63' lang='grc' dir='ltr'><em>ἐμὴν</em></span> <span class='ocrx_word' id='word_1_87' title='bbox 1504 1489 1505 1496; x_wconf 72' lang='grc'><em>,</em></span> 
     </span>
    </p>

    <p class='ocr_par' dir='ltr' id='par_1_4' title="bbox 238 1534 1506 2032">
     <span class='ocr_line' id='line_1_11' title="bbox 238 1534 1401 1623; baseline 0 -25"><span class='ocrx_word' id='word_1_88' title='bbox 238 1537 268 1586; x_wconf 89' lang='grc'><em>10</em></span> <span class='ocrx_word' id='word_1_89' title='bbox 285 1535 420 1622; x_wconf 73' lang='grc' dir='ltr'><em>γαμέτην</em></span> <span class='ocrx_word' id='word_1_90' title='bbox 442 1535 537 1623; x_wconf 77' lang='grc' dir='ltr'><em>ἤγουν</em></span> <span class='ocrx_word' id='word_1_91' title='bbox 560 1537 611 1599; x_wconf 88' lang='grc' dir='ltr'><em>τῦν</em></span> <span class='ocrx_word' id='word_1_92' title='bbox 634 1535 708 1618; x_wconf 83' lang='grc' dir='ltr'><em>ἐμὸν</em></span> <span class='ocrx_word' id='word_1_93' title='bbox 731 1535 860 1618; x_wconf 86' lang='grc' dir='ltr'><em>πατέρα.</em></span> <span class='ocrx_word' id='word_1_94' title='bbox 904 1535 931 1599; x_wconf 82' lang='grc' dir='ltr'><em>εί</em></span> <span class='ocrx_word' id='word_1_95' title='bbox 952 1536 1014 1617; x_wconf 88' lang='grc' dir='ltr'><em>γὰρ</em></span> <span class='ocrx_word' id='word_1_96' title='bbox 1036 1534 1080 1599; x_wconf 85' lang='grc' dir='ltr'><em>ἔτι</em></span> <span class='ocrx_word' id='word_1_97' title='bbox 1109 1536 1202 1611; x_wconf 75' lang='grc' dir='ltr'><em>ζῶσι,</em></span> <span class='ocrx_word' id='word_1_98' title='bbox 1225 1535 1401 1617; x_wconf 60' lang='grc' dir='ltr'><em>ῦίπλτοοπςῗ)</em></span> 
     </span>
     <span class='ocr_line' id='line_1_12' title="bbox 285 1636 1400 1722; baseline 0 -24"><span class='ocrx_word' id='word_1_99' title='bbox 285 1636 479 1718; x_wconf 86' lang='grc' dir='ltr'><em>ἐπεισάγεται</em></span> <span class='ocrx_word' id='word_1_100' title='bbox 500 1639 610 1719; x_wconf 90' lang='grc' dir='ltr'><em>γάμου.</em></span> <span class='ocrx_word' id='word_1_101' title='bbox 656 1636 684 1699; x_wconf 84' lang='grc' dir='ltr'><em>ελ</em></span> <span class='ocrx_word' id='word_1_102' title='bbox 705 1637 765 1722; x_wconf 90' lang='grc' dir='ltr'><em>γὰρ</em></span> <span class='ocrx_word' id='word_1_103' title='bbox 789 1636 878 1719; x_wconf 83' lang='grc' dir='ltr'><em>λάβω</em></span> <span class='ocrx_word' id='word_1_104' title='bbox 902 1637 956 1722; x_wconf 75' lang='grc' dir='ltr'><em>την</em></span> <span class='ocrx_word' id='word_1_105' title='bbox 978 1637 1054 1722; x_wconf 79' lang='grc' dir='ltr'><em>ἐμὴν</em></span> <span class='ocrx_word' id='word_1_106' title='bbox 1076 1636 1242 1722; x_wconf 84' lang='grc' dir='ltr'><em>πενθερὰν,</em></span> <span class='ocrx_word' id='word_1_107' title='bbox 1265 1636 1400 1720; x_wconf 75' lang='grc' dir='ltr'><em>εὑρίσκο-</em></span> 
     </span>
     <span class='ocr_line' id='line_1_13' title="bbox 282 1736 1401 1826; baseline 0.002 -27"><span class='ocrx_word' id='word_1_108' title='bbox 282 1762 338 1819; x_wconf 89' lang='grc' dir='ltr'><em>μαι</em></span> <span class='ocrx_word' id='word_1_109' title='bbox 361 1738 417 1800; x_wconf 84' lang='grc' dir='ltr'><em>θῦο</em></span> <span class='ocrx_word' id='word_1_110' title='bbox 434 1737 512 1825; x_wconf 74' lang='grc' dir='ltr'><em>ἔχων</em></span> <span class='ocrx_word' id='word_1_111' title='bbox 535 1739 671 1820; x_wconf 82' lang='grc' dir='ltr'><em>γαμετὰς</em></span> <span class='ocrx_word' id='word_1_112' title='bbox 694 1742 747 1826; x_wconf 73' lang='grc' dir='ltr'><em>τὴν</em></span> <span class='ocrx_word' id='word_1_113' title='bbox 771 1738 925 1822; x_wconf 89' lang='grc' dir='ltr'><em>πενθερὰν</em></span> <span class='ocrx_word' id='word_1_114' title='bbox 933 1739 958 1820; x_wconf 82' lang='lat'><em>⁸)</em></span> <span class='ocrx_word' id='word_1_115' title='bbox 983 1739 1031 1800; x_wconf 78' lang='grc' dir='ltr'><em>καὶ</em></span> <span class='ocrx_word' id='word_1_116' title='bbox 1052 1739 1105 1825; x_wconf 72' lang='grc' dir='ltr'><em>την</em></span> <span class='ocrx_word' id='word_1_117' title='bbox 1120 1737 1215 1824; x_wconf 77' lang='grc' dir='ltr'><em>αὐτῆς</em></span> <span class='ocrx_word' id='word_1_118' title='bbox 1230 1736 1401 1824; x_wconf 88' lang='grc' dir='ltr'><em>θυγατέρα.</em></span> 
     </span>
     <span class='ocr_line' id='line_1_14' title="bbox 285 1839 1506 1958; baseline 0 -55"><span class='ocrx_word' id='word_1_119' title='bbox 285 1841 312 1903; x_wconf 86' lang='grc' dir='ltr'><em>εί</em></span> <span class='ocrx_word' id='word_1_120' title='bbox 333 1840 369 1904; x_wconf 86' lang='grc' dir='ltr'><em>ῦὲ</em></span> <span class='ocrx_word' id='word_1_121' title='bbox 393 1840 445 1927; x_wconf 73' lang='grc' dir='ltr'><em>τὴν</em></span> <span class='ocrx_word' id='word_1_122' title='bbox 475 1844 526 1902; x_wconf 85' lang='grc' dir='ltr'><em>νῦν</em></span> <span class='ocrx_word' id='word_1_123' title='bbox 553 1842 719 1927; x_wconf 86' lang='grc' dir='ltr'><em>μητρυιὰν,</em></span> <span class='ocrx_word' id='word_1_124' title='bbox 750 1839 1032 1928; x_wconf 72' lang='grc' dir='ltr'><em>ἀποτελεσθήσεται</em></span> <span class='ocrx_word' id='word_1_125' title='bbox 1061 1839 1159 1927; x_wconf 81' lang='grc' dir='ltr'><em>ἐκείνη</em></span> <span class='ocrx_word' id='word_1_126' title='bbox 1189 1839 1246 1904; x_wconf 84' lang='grc' dir='ltr'><em>ῦάο</em></span> <span class='ocrx_word' id='word_1_127' title='bbox 1276 1841 1401 1922; x_wconf 86' lang='grc' dir='ltr'><em>προσώ·</em></span> <span class='ocrx_word' id='word_1_128' title='bbox 1505 1884 1506 1958; x_wconf 60' lang='grc' dir='ltr'><em>η</em></span> 
     </span>
     <span class='ocr_line' id='line_1_15' title="bbox 287 1941 1506 2032; baseline 0 -26"><span class='ocrx_word' id='word_1_129' title='bbox 287 1967 352 2006; x_wconf 88' lang='grc' dir='ltr'><em>πων</em></span> <span class='ocrx_word' id='word_1_130' title='bbox 375 1946 493 2032; x_wconf 84' lang='grc' dir='ltr'><em>γαμετι)</em></span> <span class='ocrx_word' id='word_1_131' title='bbox 515 1948 569 2008; x_wconf 81' lang='grc' dir='ltr'><em>τοῦ</em></span> <span class='ocrx_word' id='word_1_132' title='bbox 593 1945 709 2028; x_wconf 79' lang='grc' dir='ltr'><em>πατρός</em></span> <span class='ocrx_word' id='word_1_133' title='bbox 728 1969 791 2029; x_wconf 87' lang='grc' dir='ltr'><em>μου</em></span> <span class='ocrx_word' id='word_1_134' title='bbox 812 1949 862 2009; x_wconf 79' lang='grc' dir='ltr'><em>καί</em></span> <span class='ocrx_word' id='word_1_135' title='bbox 885 1944 994 2028; x_wconf 58' lang='grc' dir='ltr'><em>ἐμαῦθ)</em></span> <span class='ocrx_word' id='word_1_136' title='bbox 1019 1943 1122 2008; x_wconf 88' lang='grc' dir='ltr'><em>αῦτοῦ.</em></span> <span class='ocrx_word' id='word_1_137' title='bbox 1173 1941 1261 2018; x_wconf 82' lang='grc' dir='ltr'><em>ολῦας</em></span> <span class='ocrx_word' id='word_1_138' title='bbox 1290 1944 1325 2006; x_wconf 78' lang='grc' dir='ltr'><em>δὲ</em></span> <span class='ocrx_word' id='word_1_139' title='bbox 1352 1967 1402 2006; x_wconf 87' lang='grc' dir='ltr'><em>ιε·</em></span> <span class='ocrx_word' id='word_1_140' title='bbox 1505 1967 1506 2014; x_wconf 67' lang='grc' dir='ltr'><em>γ</em></span> 
     </span>
    </p>

    <p class='ocr_par' dir='ltr' id='par_1_5' title="bbox 238 2042 1506 2340">
     <span class='ocr_line' id='line_1_16' title="bbox 238 2042 1441 2134; baseline -0.001 -22"><span class='ocrx_word' id='word_1_141' title='bbox 238 2064 267 2112; x_wconf 83' lang='grc'><em>15</em></span> <span class='ocrx_word' id='word_1_142' title='bbox 285 2046 414 2132; x_wconf 80' lang='grc' dir='ltr'><em>φαλαὴν</em></span> <span class='ocrx_word' id='word_1_143' title='bbox 437 2046 514 2111; x_wconf 78' lang='grc' dir='ltr'><em>εἶναι</em></span> <span class='ocrx_word' id='word_1_144' title='bbox 542 2049 597 2134; x_wconf 76' lang='grc' dir='ltr'><em>τὴν</em></span> <span class='ocrx_word' id='word_1_145' title='bbox 629 2047 678 2111; x_wconf 78' lang='grc' dir='ltr'><em>ἐπὶ</em></span> <span class='ocrx_word' id='word_1_146' title='bbox 704 2053 765 2110; x_wconf 81' lang='grc' dir='ltr'><em>τῶν</em></span> <span class='ocrx_word' id='word_1_147' title='bbox 795 2047 908 2112; x_wconf 85' lang='grc' dir='ltr'><em>ιλιπλῶν</em></span> <span class='ocrx_word' id='word_1_148' title='bbox 935 2049 1043 2132; x_wconf 86' lang='grc' dir='ltr'><em>γάμων</em></span> <span class='ocrx_word' id='word_1_149' title='bbox 1069 2046 1227 2130; x_wconf 80' lang='grc' dir='ltr'><em>τιμωρίαν.</em></span> <span class='ocrx_word' id='word_1_150' title='bbox 1271 2047 1303 2109; x_wconf 88' lang='grc'><em>8.</em></span> <span class='ocrx_word' id='word_1_151' title='bbox 1333 2042 1401 2111; x_wconf 64' lang='lat' dir='ltr'><strong>Pri·</strong></span> <span class='ocrx_word' id='word_1_152' title='bbox 1417 2053 1441 2104; x_wconf 88' lang='lat'><em>8·</em></span> 
     </span>
     <span class='ocr_line' id='line_1_17' title="bbox 284 2147 1506 2238; baseline -0.002 -24"><span class='ocrx_word' id='word_1_153' title='bbox 284 2150 394 2230; x_wconf 82' lang='lat' dir='ltr'>mos¹⁰)</span> <span class='ocrx_word' id='word_1_154' title='bbox 418 2147 498 2236; x_wconf 70' lang='grc' dir='ltr'><em>ἔχων</em></span> <span class='ocrx_word' id='word_1_155' title='bbox 520 2152 584 2213; x_wconf 83' lang='grc' dir='ltr'><em>υίῦν</em></span> <span class='ocrx_word' id='word_1_156' title='bbox 607 2151 667 2214; x_wconf 81' lang='grc' dir='ltr'><em>ἀπὸ</em></span> <span class='ocrx_word' id='word_1_157' title='bbox 696 2151 792 2225; x_wconf 83' lang='grc' dir='ltr'><em>Τιτίας</em></span> <span class='ocrx_word' id='word_1_158' title='bbox 815 2149 913 2234; x_wconf 79' lang='grc' dir='ltr'><em>ἔλαβε</em></span> <span class='ocrx_word' id='word_1_159' title='bbox 933 2150 1061 2215; x_wconf 75' lang='lat' dir='ltr'><strong>Priman</strong></span> <span class='ocrx_word' id='word_1_160' title='bbox 1086 2152 1164 2234; x_wconf 79' lang='grc' dir='ltr'><em>πρὸς</em></span> <span class='ocrx_word' id='word_1_161' title='bbox 1190 2151 1287 2232; x_wconf 84' lang='grc' dir='ltr'><em>γάμον</em></span> <span class='ocrx_word' id='word_1_162' title='bbox 1314 2148 1398 2238; x_wconf 77' lang='grc' dir='ltr'><em>ἔχου·</em></span> <span class='ocrx_word' id='word_1_163' title='bbox 1505 2153 1506 2202; x_wconf 75' lang='grc'><em>1</em></span> 
     </span>
     <span class='ocr_line' id='line_1_18' title="bbox 285 2251 1400 2340; baseline 0.001 -25"><span class='ocrx_word' id='word_1_164' title='bbox 285 2275 344 2316; x_wconf 92' lang='grc' dir='ltr'><em>σαν</em></span> <span class='ocrx_word' id='word_1_165' title='bbox 366 2252 526 2334; x_wconf 89' lang='grc' dir='ltr'><em>θυγατέρα</em></span> <span class='ocrx_word' id='word_1_166' title='bbox 548 2254 608 2316; x_wconf 77' lang='grc' dir='ltr'><em>ἀπὸ</em></span> <span class='ocrx_word' id='word_1_167' title='bbox 637 2253 748 2331; x_wconf 84' lang='grc' dir='ltr'><em>Τιτίου,</em></span> <span class='ocrx_word' id='word_1_168' title='bbox 776 2253 799 2340; x_wconf 70' lang='grc' dir='ltr'><em>ἢ</em></span> <span class='ocrx_word' id='word_1_169' title='bbox 822 2256 872 2319; x_wconf 79' lang='grc' dir='ltr'><em>καί</em></span> <span class='ocrx_word' id='word_1_170' title='bbox 894 2254 929 2317; x_wconf 83' lang='grc' dir='ltr'><em>ἐκ</em></span> <span class='ocrx_word' id='word_1_171' title='bbox 948 2257 1003 2318; x_wconf 85' lang='grc' dir='ltr'><em>τοῦ</em></span> <span class='ocrx_word' id='word_1_172' title='bbox 1026 2253 1180 2333; x_wconf 79' lang='grc' dir='ltr'><em>ἐναντίου,</em></span> <span class='ocrx_word' id='word_1_173' title='bbox 1207 2254 1225 2316; x_wconf 85' lang='grc' dir='ltr'><em>ῦ</em></span> <span class='ocrx_word' id='word_1_174' title='bbox 1252 2253 1309 2333; x_wconf 86' lang='grc' dir='ltr'><em>μὲν</em></span> <span class='ocrx_word' id='word_1_175' title='bbox 1336 2251 1400 2340; x_wconf 74' lang='grc' dir='ltr'><em>εἶχε</em></span> 
     </span>
    </p>

    <p class='ocr_par' dir='ltr' id='par_1_6' title="bbox 233 2355 1398 2545">
     <span class='ocr_line' id='line_1_19' title="bbox 233 2355 1398 2444; baseline 0.002 -29"><span class='ocrx_word' id='word_1_176' title='bbox 233 2355 235 2360; x_wconf 70' lang='grc'><strong>’</strong></span> <span class='ocrx_word' id='word_1_177' title='bbox 284 2355 453 2441; x_wconf 86' lang='grc' dir='ltr'><em>θυγατέρα,</em></span> <span class='ocrx_word' id='word_1_178' title='bbox 477 2357 494 2418; x_wconf 82' lang='grc' dir='ltr'><strong>ὁ</strong></span> <span class='ocrx_word' id='word_1_179' title='bbox 517 2356 553 2420; x_wconf 77' lang='grc' dir='ltr'><em>δὲ</em></span> <span class='ocrx_word' id='word_1_180' title='bbox 575 2357 648 2420; x_wconf 84' lang='grc' dir='ltr'><em>υίόν.</em></span> <span class='ocrx_word' id='word_1_181' title='bbox 693 2359 721 2419; x_wconf 86' lang='grc' dir='ltr'><em>οί</em></span> <span class='ocrx_word' id='word_1_182' title='bbox 743 2357 861 2420; x_wconf 83' lang='grc' dir='ltr'><em>τούτων</em></span> <span class='ocrx_word' id='word_1_183' title='bbox 885 2357 993 2432; x_wconf 80' lang='grc' dir='ltr'><em>παῖδες</em></span> <span class='ocrx_word' id='word_1_184' title='bbox 1021 2358 1049 2418; x_wconf 86' lang='grc' dir='ltr'><em>οί</em></span> <span class='ocrx_word' id='word_1_185' title='bbox 1077 2356 1110 2418; x_wconf 86' lang='grc' dir='ltr'><em>ἐν</em></span> <span class='ocrx_word' id='word_1_186' title='bbox 1139 2360 1181 2444; x_wconf 76' lang='grc' dir='ltr'><em>τῇ</em></span> <span class='ocrx_word' id='word_1_187' title='bbox 1202 2355 1398 2442; x_wconf 62' lang='grc' dir='ltr'><em>συνηθείᾳῃ)</em></span> 
     </span>
     <span class='ocr_line' id='line_1_20' title="bbox 284 2457 1398 2545; baseline -0.004 -23"><span class='ocrx_word' id='word_1_188' title='bbox 284 2460 445 2545; x_wconf 77' lang='grc' dir='ltr'><em>λεγόμενοι</em></span> <span class='ocrx_word' id='word_1_189' title='bbox 468 2459 729 2545; x_wconf 84' lang='grc' dir='ltr'><em>άλληλοπρογάνοι</em></span> <span class='ocrx_word' id='word_1_190' title='bbox 757 2460 858 2533; x_wconf 82' lang='grc' dir='ltr'><em>καλῶς</em></span> <span class='ocrx_word' id='word_1_191' title='bbox 881 2459 1020 2544; x_wconf 74' lang='grc' dir='ltr'><em>ἀλληλοις</em></span> <span class='ocrx_word' id='word_1_192' title='bbox 1047 2459 1265 2536; x_wconf 90' lang='grc' dir='ltr'><em>συνάπτονται,</em></span> <span class='ocrx_word' id='word_1_193' title='bbox 1296 2457 1323 2520; x_wconf 82' lang='grc' dir='ltr'><em>εί</em></span> <span class='ocrx_word' id='word_1_194' title='bbox 1348 2460 1398 2520; x_wconf 78' lang='grc' dir='ltr'><em>καὶ</em></span> 
     </span>
    </p>

    <p class='ocr_par' dir='ltr' id='par_1_7' title="bbox 234 2559 1440 3058">
     <span class='ocr_line' id='line_1_21' title="bbox 234 2559 1399 2648; baseline -0.004 -24"><span class='ocrx_word' id='word_1_195' title='bbox 234 2581 268 2630; x_wconf 82' lang='lat'><em>20</em></span> <span class='ocrx_word' id='word_1_196' title='bbox 284 2562 322 2624; x_wconf 85' lang='grc' dir='ltr'><em>τῦ</em></span> <span class='ocrx_word' id='word_1_197' title='bbox 342 2563 475 2642; x_wconf 88' lang='grc' dir='ltr'><em>μάλιστα</em></span> <span class='ocrx_word' id='word_1_198' title='bbox 498 2561 635 2646; x_wconf 78' lang='grc' dir='ltr'><em>ἀδελφὸς</em></span> <span class='ocrx_word' id='word_1_199' title='bbox 657 2559 677 2648; x_wconf 80' lang='grc' dir='ltr'>ἢ</span> <span class='ocrx_word' id='word_1_200' title='bbox 700 2562 820 2648; x_wconf 79' lang='grc' dir='ltr'><em>άῦελφὴ</em></span> <span class='ocrx_word' id='word_1_201' title='bbox 844 2559 950 2635; x_wconf 77' lang='grc' dir='ltr'><em>αὐτοῖς</em></span> <span class='ocrx_word' id='word_1_202' title='bbox 972 2559 1096 2648; x_wconf 83' lang='grc' dir='ltr'><em>τεγθείη</em></span> <span class='ocrx_word' id='word_1_203' title='bbox 1124 2559 1159 2622; x_wconf 77' lang='grc' dir='ltr'><em>ἐκ</em></span> <span class='ocrx_word' id='word_1_204' title='bbox 1188 2563 1240 2622; x_wconf 87' lang='grc' dir='ltr'><em>τοῦ</em></span> <span class='ocrx_word' id='word_1_205' title='bbox 1269 2559 1399 2624; x_wconf 86' lang='grc' dir='ltr'><em>συστάν-</em></span> 
     </span>
     <span class='ocr_line' id='line_1_22' title="bbox 286 2661 1440 2750; baseline -0.008 -22"><span class='ocrx_word' id='word_1_206' title='bbox 286 2663 382 2746; x_wconf 59' lang='lat' dir='ltr'>voest)</span> <span class='ocrx_word' id='word_1_207' title='bbox 403 2665 484 2748; x_wconf 82' lang='grc' dir='ltr'><em>μετὰ</em></span> <span class='ocrx_word' id='word_1_208' title='bbox 504 2666 559 2750; x_wconf 80' lang='grc' dir='ltr'><em>τὴν</em></span> <span class='ocrx_word' id='word_1_209' title='bbox 582 2664 686 2730; x_wconf 79' lang='grc' dir='ltr'><em>αὐτῶν</em></span> <span class='ocrx_word' id='word_1_210' title='bbox 708 2664 847 2750; x_wconf 88' lang='grc' dir='ltr'><em>γέννησιν</em></span> <span class='ocrx_word' id='word_1_211' title='bbox 869 2665 980 2744; x_wconf 89' lang='grc' dir='ltr'><em>γάμου.</em></span> <span class='ocrx_word' id='word_1_212' title='bbox 1021 2665 1049 2726; x_wconf 91' lang='grc'><em>9.</em></span> <span class='ocrx_word' id='word_1_213' title='bbox 1075 2661 1116 2726; x_wconf 73' lang='lat' dir='ltr'><em>‘H</em></span> <span class='ocrx_word' id='word_1_214' title='bbox 1135 2662 1193 2748; x_wconf 79' lang='grc' dir='ltr'><em>ἐμὴ</em></span> <span class='ocrx_word' id='word_1_215' title='bbox 1215 2662 1332 2747; x_wconf 76' lang='grc' dir='ltr'><em>γαμετὴ</em></span> <span class='ocrx_word' id='word_1_216' title='bbox 1348 2667 1399 2724; x_wconf 90' lang='grc' dir='ltr'><em>τῦν</em></span> <span class='ocrx_word' id='word_1_217' title='bbox 1416 2669 1440 2719; x_wconf 85' lang='grc'><em>9.</em></span> 
     </span>
     <span class='ocr_line' id='line_1_23' title="bbox 286 2761 1401 2851; baseline 0 -23"><span class='ocrx_word' id='word_1_218' title='bbox 286 2769 363 2848; x_wconf 85' lang='grc' dir='ltr'><em>πρῦς</em></span> <span class='ocrx_word' id='word_1_219' title='bbox 386 2766 441 2850; x_wconf 79' lang='grc' dir='ltr'><em>ἐμὲ</em></span> <span class='ocrx_word' id='word_1_220' title='bbox 462 2766 605 2851; x_wconf 76' lang='grc' dir='ltr'><em>τθριιάίῳ</em></span> <span class='ocrx_word' id='word_1_221' title='bbox 616 2767 653 2848; x_wconf 67' lang='grc'><em>11)</em></span> <span class='ocrx_word' id='word_1_222' title='bbox 677 2766 850 2830; x_wconf 84' lang='grc' dir='ltr'><em>ῦιαλύσασα</em></span> <span class='ocrx_word' id='word_1_223' title='bbox 865 2767 964 2848; x_wconf 87' lang='grc' dir='ltr'><em>γάμον</em></span> <span class='ocrx_word' id='word_1_224' title='bbox 981 2765 1070 2850; x_wconf 78' lang='grc' dir='ltr'><em>ἀνδρὶ</em></span> <span class='ocrx_word' id='word_1_225' title='bbox 1085 2764 1227 2849; x_wconf 72' lang='grc' dir='ltr'><em>δευτέρῳ</em></span> <span class='ocrx_word' id='word_1_226' title='bbox 1243 2761 1401 2851; x_wconf 72' lang='grc' dir='ltr'><em>σονὴφθη·</em></span> 
     </span>
     <span class='ocr_line' id='line_1_24' title="bbox 285 2866 1401 2956; baseline -0.003 -25"><span class='ocrx_word' id='word_1_227' title='bbox 285 2867 372 2955; x_wconf 78' lang='grc' dir='ltr'><em>έσγεν</em></span> <span class='ocrx_word' id='word_1_228' title='bbox 395 2869 428 2931; x_wconf 81' lang='grc' dir='ltr'><em>ἐκ</em></span> <span class='ocrx_word' id='word_1_229' title='bbox 450 2868 560 2933; x_wconf 85' lang='grc' dir='ltr'><em>τούτου</em></span> <span class='ocrx_word' id='word_1_230' title='bbox 584 2869 752 2956; x_wconf 86' lang='grc' dir='ltr'><em>θυγατέρα.</em></span> <span class='ocrx_word' id='word_1_231' title='bbox 797 2871 946 2956; x_wconf 76' lang='grc' dir='ltr'><em>ζητοῦμεν</em></span> <span class='ocrx_word' id='word_1_232' title='bbox 979 2870 1005 2932; x_wconf 86' lang='grc' dir='ltr'><em>εί</em></span> <span class='ocrx_word' id='word_1_233' title='bbox 1034 2870 1087 2956; x_wconf 77' lang='grc' dir='ltr'><em>τὴν</em></span> <span class='ocrx_word' id='word_1_234' title='bbox 1114 2869 1151 2942; x_wconf 77' lang='grc' dir='ltr'><em>ἐξ</em></span> <span class='ocrx_word' id='word_1_235' title='bbox 1179 2868 1276 2954; x_wconf 79' lang='grc' dir='ltr'><em>αὐτῆς</em></span> <span class='ocrx_word' id='word_1_236' title='bbox 1304 2866 1401 2948; x_wconf 86' lang='grc' dir='ltr'><em>θυγα-</em></span> 
     </span>
     <span class='ocr_line' id='line_1_25' title="bbox 284 2969 1400 3058; baseline -0.003 -25"><span class='ocrx_word' id='word_1_237' title='bbox 284 2970 361 3054; x_wconf 85' lang='grc' dir='ltr'><em>τέρα</em></span> <span class='ocrx_word' id='word_1_238' title='bbox 384 2970 516 3054; x_wconf 83' lang='grc' dir='ltr'><em>ῦύναμαι</em></span> <span class='ocrx_word' id='word_1_239' title='bbox 537 2973 575 3052; x_wconf 68' lang='grc'><em>11)</em></span> <span class='ocrx_word' id='word_1_240' title='bbox 584 2971 700 3053; x_wconf 77' lang='grc' dir='ltr'><em>λαβεῖν.</em></span> <span class='ocrx_word' id='word_1_241' title='bbox 745 2970 793 3034; x_wconf 81' lang='grc' dir='ltr'><em>καί</em></span> <span class='ocrx_word' id='word_1_242' title='bbox 819 2972 935 3058; x_wconf 68' lang='grc' dir='ltr'>φησι15)</span> <span class='ocrx_word' id='word_1_243' title='bbox 964 2972 1008 3057; x_wconf 80' lang='grc' dir='ltr'><em>μὴ</em></span> <span class='ocrx_word' id='word_1_244' title='bbox 1031 2970 1108 3034; x_wconf 71' lang='grc' dir='ltr'><em>εἶναι</em></span> <span class='ocrx_word' id='word_1_245' title='bbox 1127 2971 1185 3055; x_wconf 79' lang='grc' dir='ltr'><em>μὲν</em></span> <span class='ocrx_word' id='word_1_246' title='bbox 1208 2969 1304 3056; x_wconf 76' lang='grc' dir='ltr'><em>αὐτὴν</em></span> <span class='ocrx_word' id='word_1_247' title='bbox 1327 2991 1400 3052; x_wconf 88' lang='grc' dir='ltr'><em>πρυ-</em></span> 
     </span>
    </p>

    <p class='ocr_par' dir='ltr' id='par_1_8' title="bbox 234 3072 1401 3366">
     <span class='ocr_line' id='line_1_26' title="bbox 234 3072 1401 3162; baseline -0.006 -22"><span class='ocrx_word' id='word_1_248' title='bbox 234 3090 267 3141; x_wconf 80' lang='lat'><em>25</em></span> <span class='ocrx_word' id='word_1_249' title='bbox 286 3076 378 3162; x_wconf 85' lang='grc' dir='ltr'><em>γόνην</em></span> <span class='ocrx_word' id='word_1_250' title='bbox 400 3074 533 3161; x_wconf 61' lang='grc' dir='ltr'><em>ἐμηνῙθ).</em></span> <span class='ocrx_word' id='word_1_251' title='bbox 579 3074 715 3161; x_wconf 87' lang='grc' dir='ltr'><em>προγόνη</em></span> <span class='ocrx_word' id='word_1_252' title='bbox 725 3075 761 3156; x_wconf 72' lang='grc'><em>17)</em></span> <span class='ocrx_word' id='word_1_253' title='bbox 784 3076 846 3159; x_wconf 88' lang='grc' dir='ltr'><em>γάρ</em></span> <span class='ocrx_word' id='word_1_254' title='bbox 868 3073 949 3138; x_wconf 83' lang='grc' dir='ltr'><em>ἐστιν</em></span> <span class='ocrx_word' id='word_1_255' title='bbox 971 3076 991 3160; x_wconf 79' lang='grc' dir='ltr'><em>η</em></span> <span class='ocrx_word' id='word_1_256' title='bbox 1015 3075 1119 3157; x_wconf 65' lang='grc' dir='ltr'>πρῦ11)</span> <span class='ocrx_word' id='word_1_257' title='bbox 1144 3077 1204 3136; x_wconf 86' lang='grc' dir='ltr'><em>τῶν</em></span> <span class='ocrx_word' id='word_1_258' title='bbox 1228 3072 1312 3158; x_wconf 78' lang='grc' dir='ltr'><em>ἐμῶν</em></span> <span class='ocrx_word' id='word_1_259' title='bbox 1333 3094 1401 3158; x_wconf 72' lang='grc' dir='ltr'><em>τεγ-</em></span> 
     </span>
     <span class='ocr_line' id='line_1_27' title="bbox 286 3175 1401 3266; baseline 0.004 -32"><span class='ocrx_word' id='word_1_260' title='bbox 286 3178 378 3241; x_wconf 84' lang='grc' dir='ltr'><em>θεῖσα</em></span> <span class='ocrx_word' id='word_1_261' title='bbox 406 3178 524 3259; x_wconf 89' lang='grc' dir='ltr'><em>γάμων.</em></span> <span class='ocrx_word' id='word_1_262' title='bbox 575 3176 649 3260; x_wconf 80' lang='grc' dir='ltr'><em>πλὴν</em></span> <span class='ocrx_word' id='word_1_263' title='bbox 677 3176 726 3240; x_wconf 86' lang='grc' dir='ltr'><em>ῦιὰ</em></span> <span class='ocrx_word' id='word_1_264' title='bbox 757 3180 791 3238; x_wconf 83' lang='grc' dir='ltr'><em>τῦ</em></span> <span class='ocrx_word' id='word_1_265' title='bbox 818 3176 973 3262; x_wconf 80' lang='grc' dir='ltr'><em>εὐπρεπὲς</em></span> <span class='ocrx_word' id='word_1_266' title='bbox 1002 3175 1173 3266; x_wconf 77' lang='grc' dir='ltr'><em>ἀπέχεσθαι</em></span> <span class='ocrx_word' id='word_1_267' title='bbox 1205 3176 1254 3240; x_wconf 85' lang='grc' dir='ltr'><em>ῦεῖ</em></span> <span class='ocrx_word' id='word_1_268' title='bbox 1276 3197 1318 3259; x_wconf 91' lang='grc' dir='ltr'><em>με</em></span> <span class='ocrx_word' id='word_1_269' title='bbox 1346 3178 1401 3260; x_wconf 74' lang='grc' dir='ltr'><em>τῆς</em></span> 
     </span>
     <span class='ocr_line' id='line_1_28' title="bbox 285 3277 1399 3366; baseline -0.005 -22"><span class='ocrx_word' id='word_1_270' title='bbox 285 3282 363 3363; x_wconf 83' lang='grc' dir='ltr'><em>πρὸς</em></span> <span class='ocrx_word' id='word_1_271' title='bbox 385 3278 481 3366; x_wconf 78' lang='grc' dir='ltr'><em>αὐτὴν</em></span> <span class='ocrx_word' id='word_1_272' title='bbox 504 3277 685 3365; x_wconf 86' lang='grc' dir='ltr'><em>συναφείας.</em></span> <span class='ocrx_word' id='word_1_273' title='bbox 731 3279 860 3362; x_wconf 76' lang='grc' dir='ltr'><em>καὶγὰρ</em></span> <span class='ocrx_word' id='word_1_274' title='bbox 882 3281 902 3366; x_wconf 76' lang='grc' dir='ltr'><em>ἡ</em></span> <span class='ocrx_word' id='word_1_275' title='bbox 925 3278 1075 3366; x_wconf 88' lang='grc' dir='ltr'><em>γενομένη</em></span> <span class='ocrx_word' id='word_1_276' title='bbox 1101 3279 1223 3366; x_wconf 83' lang='grc' dir='ltr'><em>μνηστὴ</em></span> <span class='ocrx_word' id='word_1_277' title='bbox 1247 3282 1299 3342; x_wconf 85' lang='grc' dir='ltr'><em>τοῦ</em></span> <span class='ocrx_word' id='word_1_278' title='bbox 1323 3277 1399 3363; x_wconf 80' lang='grc' dir='ltr'><em>ἐμοῦ</em></span> 
     </span>
    </p>
   </div>
   <div class='ocr_carea' id='block_1_4' title="bbox 285 3529 1399 4287">
    <p class='ocr_par' dir='ltr' id='par_1_9' title="bbox 285 3529 1399 4287">
     <span class='ocr_line' id='line_1_29' title="bbox 353 3529 1399 3604; baseline -0.006 -17"><span class='ocrx_word' id='word_1_279' title='bbox 353 3537 376 3604; x_wconf 96' lang='grc'><em>1)</em></span> <span class='ocrx_word' id='word_1_280' title='bbox 394 3535 502 3587; x_wconf 82' lang='grc' dir='ltr'><em>διπλοῦν</em></span> <span class='ocrx_word' id='word_1_281' title='bbox 521 3534 609 3602; x_wconf 87' lang='grc' dir='ltr'><em>γάμον</em></span> <span class='ocrx_word' id='word_1_282' title='bbox 628 3533 659 3588; x_wconf 92' lang='lat' dir='ltr'><em>R.</em></span> <span class='ocrx_word' id='word_1_283' title='bbox 720 3533 743 3601; x_wconf 81' lang='grc'><em>1)</em></span> <span class='ocrx_word' id='word_1_284' title='bbox 761 3533 868 3586; x_wconf 81' lang='grc' dir='ltr'><em>κόλασιν</em></span> <span class='ocrx_word' id='word_1_285' title='bbox 888 3533 930 3588; x_wconf 82' lang='lat' dir='ltr'><em>vi.</em></span> <span class='ocrx_word' id='word_1_286' title='bbox 951 3533 991 3589; x_wconf 84' lang='lat' dir='ltr'><em>ed.</em></span> <span class='ocrx_word' id='word_1_287' title='bbox 1011 3539 1058 3587; x_wconf 80' lang='lat' dir='ltr'><em>ant</em></span> <span class='ocrx_word' id='word_1_288' title='bbox 1077 3533 1107 3588; x_wconf 83' lang='lat' dir='ltr'><em>F.</em></span> <span class='ocrx_word' id='word_1_289' title='bbox 1159 3533 1182 3600; x_wconf 83' lang='lat'><em>³)</em></span> <span class='ocrx_word' id='word_1_290' title='bbox 1200 3531 1295 3598; x_wconf 79' lang='grc' dir='ltr'><em>λαβεῖν</em></span> <span class='ocrx_word' id='word_1_291' title='bbox 1319 3531 1349 3586; x_wconf 92' lang='grc' dir='ltr'><em>Ρ.</em></span> <span class='ocrx_word' id='word_1_292' title='bbox 1369 3529 1399 3583; x_wconf 89' lang='lat' dir='ltr'><em>R.</em></span> 
     </span>
     <span class='ocr_line' id='line_1_30' title="bbox 285 3615 1399 3690; baseline -0.004 -17"><span class='ocrx_word' id='word_1_293' title='bbox 285 3620 357 3674; x_wconf 80' lang='lat' dir='ltr'><strong>hunc</strong></span> <span class='ocrx_word' id='word_1_294' title='bbox 373 3621 397 3690; x_wconf 62' lang='grc' dir='ltr'><em>ξ.</em></span> <span class='ocrx_word' id='word_1_295' title='bbox 416 3620 480 3674; x_wconf 74' lang='lat' dir='ltr'><strong>Bas.</strong></span> <span class='ocrx_word' id='word_1_296' title='bbox 499 3635 558 3674; x_wconf 85' lang='lat' dir='ltr'><em>cum</em></span> <span class='ocrx_word' id='word_1_297' title='bbox 576 3619 668 3674; x_wconf 69' lang='grc' dir='ltr'><em>Ηττον.</em></span> <span class='ocrx_word' id='word_1_298' title='bbox 686 3619 770 3674; x_wconf 78' lang='lat' dir='ltr'>artius</span> <span class='ocrx_word' id='word_1_299' title='bbox 787 3620 826 3673; x_wconf 79' lang='lat' dir='ltr'><em>ita</em></span> <span class='ocrx_word' id='word_1_300' title='bbox 844 3617 972 3673; x_wconf 86' lang='lat' dir='ltr'>reddunt:</span> <span class='ocrx_word' id='word_1_301' title='bbox 1000 3619 1065 3672; x_wconf 78' lang='grc' dir='ltr'><em>οὐδὲ</em></span> <span class='ocrx_word' id='word_1_302' title='bbox 1087 3621 1136 3688; x_wconf 83' lang='grc' dir='ltr'><em>τὴν</em></span> <span class='ocrx_word' id='word_1_303' title='bbox 1155 3617 1294 3688; x_wconf 78' lang='grc' dir='ltr'><em>πενθεράν</em></span> <span class='ocrx_word' id='word_1_304' title='bbox 1312 3634 1365 3679; x_wconf 83' lang='grc' dir='ltr'><em>μου</em></span> <span class='ocrx_word' id='word_1_305' title='bbox 1383 3615 1399 3684; x_wconf 75' lang='grc' dir='ltr'>ἢ</span> 
     </span>
     <span class='ocr_line' id='line_1_31' title="bbox 285 3701 1399 3775; baseline -0.001 -19"><span class='ocrx_word' id='word_1_306' title='bbox 285 3705 334 3773; x_wconf 83' lang='grc' dir='ltr'><em>τὴν</em></span> <span class='ocrx_word' id='word_1_307' title='bbox 352 3705 487 3775; x_wconf 86' lang='grc' dir='ltr'><em>μητρυιάν</em></span> <span class='ocrx_word' id='word_1_308' title='bbox 504 3723 567 3774; x_wconf 82' lang='grc' dir='ltr'><em>μου,</em></span> <span class='ocrx_word' id='word_1_309' title='bbox 585 3705 677 3774; x_wconf 64' lang='grc' dir='ltr'><em>ἐπειδὴ</em></span> <span class='ocrx_word' id='word_1_310' title='bbox 694 3706 822 3774; x_wconf 77' lang='grc' dir='ltr'><em>μητέρων</em></span> <span class='ocrx_word' id='word_1_311' title='bbox 840 3703 918 3764; x_wconf 75' lang='grc' dir='ltr'><em>τάξιν</em></span> <span class='ocrx_word' id='word_1_312' title='bbox 938 3705 1095 3774; x_wconf 64' lang='grc' dir='ltr'><em>ἐπέχουσιν,</em></span> <span class='ocrx_word' id='word_1_313' title='bbox 1119 3719 1188 3774; x_wconf 70' lang='lat' dir='ltr'><em>quae</em></span> <span class='ocrx_word' id='word_1_314' title='bbox 1211 3717 1246 3758; x_wconf 79' lang='lat' dir='ltr'><em>ex</em></span> <span class='ocrx_word' id='word_1_315' title='bbox 1263 3701 1318 3758; x_wconf 72' lang='lat' dir='ltr'><strong>alia</strong></span> <span class='ocrx_word' id='word_1_316' title='bbox 1335 3703 1399 3755; x_wconf 67' lang='lat' dir='ltr'><strong>Inst-</strong></span> 
     </span>
     <span class='ocr_line' id='line_1_32' title="bbox 285 3789 1399 3860; baseline -0.004 -18"><span class='ocrx_word' id='word_1_317' title='bbox 285 3791 408 3845; x_wconf 83' lang='lat' dir='ltr'>uersione</span> <span class='ocrx_word' id='word_1_318' title='bbox 426 3791 517 3844; x_wconf 76' lang='lat' dir='ltr'><strong>forsan</strong></span> <span class='ocrx_word' id='word_1_319' title='bbox 536 3796 664 3860; x_wconf 76' lang='lat' dir='ltr'>excerpta</span> <span class='ocrx_word' id='word_1_320' title='bbox 682 3796 752 3844; x_wconf 76' lang='lat' dir='ltr'><strong>sunt.</strong></span> <span class='ocrx_word' id='word_1_321' title='bbox 854 3793 877 3857; x_wconf 88' lang='grc'><em>1)</em></span> <span class='ocrx_word' id='word_1_322' title='bbox 894 3791 954 3843; x_wconf 74' lang='grc' dir='ltr'><em>ἐπεὶ</em></span> <span class='ocrx_word' id='word_1_323' title='bbox 971 3791 1003 3846; x_wconf 87' lang='lat' dir='ltr'><em>R.</em></span> <span class='ocrx_word' id='word_1_324' title='bbox 1081 3793 1103 3856; x_wconf 78' lang='grc'><em>1)</em></span> <span class='ocrx_word' id='word_1_325' title='bbox 1118 3789 1147 3847; x_wconf 79' lang='grc' dir='ltr'><em>ιλ.</em></span> <span class='ocrx_word' id='word_1_326' title='bbox 1165 3791 1198 3844; x_wconf 78' lang='grc' dir='ltr'><em>(ί.</em></span> <span class='ocrx_word' id='word_1_327' title='bbox 1275 3789 1298 3854; x_wconf 80' lang='lat'><em>⁶)</em></span> <span class='ocrx_word' id='word_1_328' title='bbox 1318 3789 1399 3838; x_wconf 87' lang='grc' dir='ltr'><em>-τᾶν</em></span> 
     </span>
     <span class='ocr_line' id='line_1_33' title="bbox 285 3872 1398 3943; baseline -0.002 -16"><span class='ocrx_word' id='word_1_329' title='bbox 285 3875 315 3930; x_wconf 91' lang='lat' dir='ltr'><em>P.</em></span> <span class='ocrx_word' id='word_1_330' title='bbox 417 3876 439 3942; x_wconf 80' lang='lat'><em>⁷)</em></span> <span class='ocrx_word' id='word_1_331' title='bbox 458 3876 581 3937; x_wconf 81' lang='grc' dir='ltr'><em>δίττοισις</em></span> <span class='ocrx_word' id='word_1_332' title='bbox 598 3877 627 3930; x_wconf 92' lang='lat' dir='ltr'><em>P.</em></span> <span class='ocrx_word' id='word_1_333' title='bbox 736 3877 759 3941; x_wconf 80' lang='lat'><em>8)</em></span> <span class='ocrx_word' id='word_1_334' title='bbox 775 3894 829 3941; x_wconf 87' lang='grc' dir='ltr'><em>μου</em></span> <span class='ocrx_word' id='word_1_335' title='bbox 848 3875 898 3931; x_wconf 84' lang='lat' dir='ltr'><strong>ins.</strong></span> <span class='ocrx_word' id='word_1_336' title='bbox 915 3877 945 3932; x_wconf 89' lang='lat' dir='ltr'><em>P.</em></span> <span class='ocrx_word' id='word_1_337' title='bbox 1050 3875 1188 3943; x_wconf 69' lang='grc' dir='ltr'>1)δὲΙι1.</span> <span class='ocrx_word' id='word_1_338' title='bbox 1297 3876 1333 3940; x_wconf 88' lang='lat'><em>¹⁰)</em></span> <span class='ocrx_word' id='word_1_339' title='bbox 1350 3872 1398 3927; x_wconf 84' lang='lat' dir='ltr'><em>Ll.</em></span> 
     </span>
     <span class='ocr_line' id='line_1_34' title="bbox 286 3955 1399 4032; baseline -0.001 -18"><span class='ocrx_word' id='word_1_340' title='bbox 286 3967 348 4016; x_wconf 78' lang='lat' dir='ltr'><strong>cett.</strong></span> <span class='ocrx_word' id='word_1_341' title='bbox 366 3962 469 4029; x_wconf 75' lang='lat' dir='ltr'>graecis</span> <span class='ocrx_word' id='word_1_342' title='bbox 488 3961 538 4015; x_wconf 80' lang='lat' dir='ltr'><strong>litt.</strong></span> <span class='ocrx_word' id='word_1_343' title='bbox 559 3959 699 4031; x_wconf 79' lang='grc' dir='ltr'><em>[Ιαπρῑμος</em></span> <span class='ocrx_word' id='word_1_344' title='bbox 716 4002 723 4016; x_wconf 95' lang='grc'><em>.</em></span> <span class='ocrx_word' id='word_1_345' title='bbox 741 4003 747 4014; x_wconf 95' lang='grc'><em>.</em></span> <span class='ocrx_word' id='word_1_346' title='bbox 766 3999 774 4015; x_wconf 97' lang='grc'><em>.</em></span> <span class='ocrx_word' id='word_1_347' title='bbox 794 3959 935 4032; x_wconf 81' lang='grc' dir='ltr'><em>Πατρῒμαν</em></span> <span class='ocrx_word' id='word_1_348' title='bbox 955 3961 997 4017; x_wconf 82' lang='lat' dir='ltr'><em>vi.</em></span> <span class='ocrx_word' id='word_1_349' title='bbox 1015 3961 1048 4017; x_wconf 89' lang='lat' dir='ltr'><em>R.</em></span> <span class='ocrx_word' id='word_1_350' title='bbox 1125 3963 1161 4029; x_wconf 86' lang='lat'><em>11)</em></span> <span class='ocrx_word' id='word_1_351' title='bbox 1178 3965 1218 4032; x_wconf 73' lang='grc' dir='ltr'><em>τῷ</em></span> <span class='ocrx_word' id='word_1_352' title='bbox 1236 3959 1352 4028; x_wconf 80' lang='grc' dir='ltr'><em>συνήθει</em></span> <span class='ocrx_word' id='word_1_353' title='bbox 1368 3955 1399 4011; x_wconf 84' lang='grc' dir='ltr'><em>Β.</em></span> 
     </span>
     <span class='ocr_line' id='line_1_35' title="bbox 286 4043 1399 4116; baseline -0.002 -19"><span class='ocrx_word' id='word_1_354' title='bbox 286 4046 320 4110; x_wconf 84' lang='grc'><em>11)</em></span> <span class='ocrx_word' id='word_1_355' title='bbox 338 4047 515 4106; x_wconf 83' lang='grc' dir='ltr'><em>συνιστάντος</em></span> <span class='ocrx_word' id='word_1_356' title='bbox 533 4046 566 4099; x_wconf 79' lang='lat' dir='ltr'><em>G.</em></span> <span class='ocrx_word' id='word_1_357' title='bbox 680 4047 714 4114; x_wconf 78' lang='grc'><em>11)</em></span> <span class='ocrx_word' id='word_1_358' title='bbox 732 4047 772 4100; x_wconf 73' lang='lat' dir='ltr'><em>ita</em></span> <span class='ocrx_word' id='word_1_359' title='bbox 789 4047 867 4101; x_wconf 83' lang='lat' dir='ltr'><strong>scrib.</strong></span> <span class='ocrx_word' id='word_1_360' title='bbox 886 4048 934 4101; x_wconf 81' lang='lat' dir='ltr'><em>Ll.</em></span> <span class='ocrx_word' id='word_1_361' title='bbox 1054 4049 1090 4114; x_wconf 82' lang='lat'><em>1⁴)</em></span> <span class='ocrx_word' id='word_1_362' title='bbox 1107 4047 1178 4116; x_wconf 83' lang='grc' dir='ltr'><em>πρὸς</em></span> <span class='ocrx_word' id='word_1_363' title='bbox 1193 4046 1280 4114; x_wconf 87' lang='grc' dir='ltr'><em>γάμον</em></span> <span class='ocrx_word' id='word_1_364' title='bbox 1298 4045 1348 4098; x_wconf 73' lang='lat' dir='ltr'><strong>inS.</strong></span> <span class='ocrx_word' id='word_1_365' title='bbox 1368 4043 1399 4097; x_wconf 88' lang='lat' dir='ltr'><em>F.</em></span> 
     </span>
     <span class='ocr_line' id='line_1_36' title="bbox 285 4129 1399 4202; baseline 0.003 -16"><span class='ocrx_word' id='word_1_366' title='bbox 285 4133 331 4200; x_wconf 85' lang='lat' dir='ltr'><em>qui</em></span> <span class='ocrx_word' id='word_1_367' title='bbox 350 4138 377 4185; x_wconf 83' lang='lat' dir='ltr'><em>et</em></span> <span class='ocrx_word' id='word_1_368' title='bbox 394 4133 541 4197; x_wconf 76' lang='grc' dir='ltr'><em>λαμβάνειν</em></span> <span class='ocrx_word' id='word_1_369' title='bbox 560 4131 649 4186; x_wconf 73' lang='lat' dir='ltr'><strong>habet.</strong></span> <span class='ocrx_word' id='word_1_370' title='bbox 751 4134 788 4200; x_wconf 79' lang='grc'><em>11)</em></span> <span class='ocrx_word' id='word_1_371' title='bbox 807 4131 856 4186; x_wconf 68' lang='lat' dir='ltr'><em>LI.</em></span> <span class='ocrx_word' id='word_1_372' title='bbox 876 4139 925 4187; x_wconf 83' lang='lat' dir='ltr'><strong>cet.</strong></span> <span class='ocrx_word' id='word_1_373' title='bbox 945 4150 1024 4202; x_wconf 76' lang='grc' dir='ltr'><em>φημι.</em></span> <span class='ocrx_word' id='word_1_374' title='bbox 1101 4134 1136 4201; x_wconf 73' lang='grc'><em>16)</em></span> <span class='ocrx_word' id='word_1_375' title='bbox 1154 4131 1179 4188; x_wconf 85' lang='lat' dir='ltr'><em>d.</em></span> <span class='ocrx_word' id='word_1_376' title='bbox 1196 4131 1228 4189; x_wconf 90' lang='lat' dir='ltr'><em>R.</em></span> <span class='ocrx_word' id='word_1_377' title='bbox 1298 4129 1399 4197; x_wconf 63' lang='lat' dir='ltr'><em>1⁷)va</em></span> 
     </span>
     <span class='ocr_line' id='line_1_37' title="bbox 285 4217 665 4287; baseline 0.003 -16"><span class='ocrx_word' id='word_1_378' title='bbox 285 4217 345 4273; x_wconf 78' lang='lat' dir='ltr'><strong>add.</strong></span> <span class='ocrx_word' id='word_1_379' title='bbox 364 4218 395 4272; x_wconf 88' lang='lat' dir='ltr'><em>F.</em></span> <span class='ocrx_word' id='word_1_380' title='bbox 497 4217 665 4287; x_wconf 68' lang='grc' dir='ltr'>11)πρῦςῦ’.</span> 
     </span>
    </p>
   </div>
   <div class='ocr_carea' id='block_1_5' title="bbox 0 0 1524 4884">
    <p class='ocr_par' dir='ltr' id='par_1_10' title="bbox 0 0 1524 4884">
     <span class='ocr_line' id='line_1_38' title="bbox 0 0 1524 4884; baseline 0 0"><span class='ocrx_word' id='word_1_381' title='bbox 0 0 1524 4884; x_wconf 95' lang='lat' dir='ltr'><em> </em></span> 
     </span>
    </p>
   </div>
  </div>
 </body>
</html>
