<?xml version="1.0" encoding="UTF-8"?>
<!DOCTYPE html PUBLIC "-//W3C//DTD XHTML 1.0 Transitional//EN"
    "http://www.w3.org/TR/xhtml1/DTD/xhtml1-transitional.dtd">
<html xmlns="http://www.w3.org/1999/xhtml" xml:lang="en" lang="en">
 <head>
  <title>
</title>
<meta http-equiv="Content-Type" content="text/html;charset=utf-8" />
  <meta name='ocr-system' content='tesseract 3.04.00' />
  <meta name='ocr-capabilities' content='ocr_page ocr_carea ocr_par ocr_line ocrx_word'/>
</head>
<body>
  <div class='ocr_page' id='page_1' title='image "./institutionumgr00linggoog_0361.png"; bbox 0 0 3078 4882; ppageno 0'>
   <div class='ocr_carea' id='block_1_1' title="bbox 583 407 816 470">
    <p class='ocr_par' dir='ltr' id='par_1_1' title="bbox 583 407 816 470">
     <span class='ocr_line' id='line_1_1' title="bbox 583 407 816 470; baseline 0.009 -2"><span class='ocrx_word' id='word_1_1' title='bbox 583 407 816 470; x_wconf 83' lang='lat'>-164-</span> 
     </span>
    </p>
   </div>
   <div class='ocr_carea' id='block_1_2' title="bbox 134 589 1314 2946">
    <p class='ocr_par' dir='ltr' id='par_1_2' title="bbox 134 589 1314 2946">
     <span class='ocr_line' id='line_1_2' title="bbox 138 589 1264 677; baseline 0.003 -22"><span class='ocrx_word' id='word_1_2' title='bbox 138 590 313 656; x_wconf 90' lang='lat' dir='ltr'><strong>monendus</strong></span> <span class='ocrx_word' id='word_1_3' title='bbox 336 609 369 656; x_wconf 91' lang='lat' dir='ltr'><strong>es</strong></span> <span class='ocrx_word' id='word_1_4' title='bbox 392 589 511 672; x_wconf 85' lang='lat' dir='ltr'><strong>aliquid</strong></span> <span class='ocrx_word' id='word_1_5' title='bbox 533 592 605 658; x_wconf 89' lang='lat' dir='ltr'><strong>indo</strong></span> <span class='ocrx_word' id='word_1_6' title='bbox 627 592 805 675; x_wconf 81' lang='lat' dir='ltr'><strong>quaesitum</strong></span> <span class='ocrx_word' id='word_1_7' title='bbox 827 593 934 672; x_wconf 86' lang='lat' dir='ltr'><strong>luisse,</strong></span> <span class='ocrx_word' id='word_1_8' title='bbox 957 595 1040 677; x_wconf 90' lang='lat' dir='ltr'><strong>quod</strong></span> <span class='ocrx_word' id='word_1_9' title='bbox 1068 599 1100 660; x_wconf 87' lang='lat' dir='ltr'><strong>et</strong></span> <span class='ocrx_word' id='word_1_10' title='bbox 1121 593 1161 660; x_wconf 83' lang='lat' dir='ltr'><strong>ud</strong></span> <span class='ocrx_word' id='word_1_11' title='bbox 1186 593 1264 658; x_wconf 91' lang='lat' dir='ltr'><strong>mili·</strong></span> 
     </span>
     <span class='ocr_line' id='line_1_3' title="bbox 140 709 1263 794; baseline 0.002 -18"><span class='ocrx_word' id='word_1_12' title='bbox 140 715 204 776; x_wconf 88' lang='lat' dir='ltr'><strong>tem</strong></span> <span class='ocrx_word' id='word_1_13' title='bbox 228 716 260 774; x_wconf 91' lang='lat' dir='ltr'><strong>ct</strong></span> <span class='ocrx_word' id='word_1_14' title='bbox 282 709 322 774; x_wconf 86' lang='lat' dir='ltr'><strong>ed</strong></span> <span class='ocrx_word' id='word_1_15' title='bbox 345 716 529 776; x_wconf 80' lang='lat' dir='ltr'><strong>ueteranum</strong></span> <span class='ocrx_word' id='word_1_16' title='bbox 552 712 780 794; x_wconf 79' lang='lat' dir='ltr'><strong>quodammodo</strong></span> <span class='ocrx_word' id='word_1_17' title='bbox 803 711 949 794; x_wconf 80' lang='lat' dir='ltr'><strong>pertinet.</strong></span> <span class='ocrx_word' id='word_1_18' title='bbox 972 712 1061 778; x_wconf 86' lang='lat' dir='ltr'><strong>miles</strong></span> <span class='ocrx_word' id='word_1_19' title='bbox 1087 710 1120 776; x_wconf 93' lang='lat' dir='ltr'><strong>in</strong></span> <span class='ocrx_word' id='word_1_20' title='bbox 1149 713 1263 778; x_wconf 85' lang='lat' dir='ltr'><strong>cestris</strong></span> 
     </span>
     <span class='ocr_line' id='line_1_4' title="bbox 136 829 1264 912; baseline 0.003 -19"><span class='ocrx_word' id='word_1_21' title='bbox 136 829 259 911; x_wconf 86' lang='lat' dir='ltr'><strong>degens</strong></span> <span class='ocrx_word' id='word_1_22' title='bbox 281 849 343 912; x_wconf 90' lang='lat' dir='ltr'><strong>quo</strong></span> <span class='ocrx_word' id='word_1_23' title='bbox 365 829 457 895; x_wconf 89' lang='lat' dir='ltr'><strong>libuit</strong></span> <span class='ocrx_word' id='word_1_24' title='bbox 479 830 570 896; x_wconf 93' lang='lat' dir='ltr'><strong>modo</strong></span> <span class='ocrx_word' id='word_1_25' title='bbox 592 835 727 896; x_wconf 74' lang='lat' dir='ltr'><strong>cnutus</strong></span> <span class='ocrx_word' id='word_1_26' title='bbox 754 837 822 912; x_wconf 84' lang='lat' dir='ltr'><strong>est;</strong></span> <span class='ocrx_word' id='word_1_27' title='bbox 851 831 998 896; x_wconf 91' lang='lat' dir='ltr'><strong>dimissus</strong></span> <span class='ocrx_word' id='word_1_28' title='bbox 1026 837 1075 898; x_wconf 91' lang='lat' dir='ltr'><strong>est</strong></span> <span class='ocrx_word' id='word_1_29' title='bbox 1101 850 1121 897; x_wconf 87' lang='lat' dir='ltr'><strong>u</strong></span> <span class='ocrx_word' id='word_1_30' title='bbox 1151 831 1264 898; x_wconf 83' lang='lat' dir='ltr'><strong>militis</strong></span> 
     </span>
     <span class='ocr_line' id='line_1_5' title="bbox 137 949 1263 1032; baseline 0 -17"><span class='ocrx_word' id='word_1_31' title='bbox 137 953 172 1015; x_wconf 94' lang='lat' dir='ltr'><strong>et</strong></span> <span class='ocrx_word' id='word_1_32' title='bbox 194 949 262 1013; x_wconf 82' lang='lat' dir='ltr'><strong>nitu</strong></span> <span class='ocrx_word' id='word_1_33' title='bbox 277 949 427 1015; x_wconf 88' lang='lat' dir='ltr'><strong>decessit.</strong></span> <span class='ocrx_word' id='word_1_34' title='bbox 472 951 674 1032; x_wconf 81' lang='lat' dir='ltr'><strong>dispiciemus</strong></span> <span class='ocrx_word' id='word_1_35' title='bbox 696 969 735 1016; x_wconf 85' lang='lat' dir='ltr'><strong>eu</strong></span> <span class='ocrx_word' id='word_1_36' title='bbox 766 952 833 1016; x_wconf 90' lang='lat' dir='ltr'><strong>eius</strong></span> <span class='ocrx_word' id='word_1_37' title='bbox 863 952 1008 1017; x_wconf 79' lang='lat' dir='ltr'><strong>uoluntas</strong></span> <span class='ocrx_word' id='word_1_38' title='bbox 1038 955 1107 1016; x_wconf 86' lang='lat' dir='ltr'><strong>rute</strong></span> <span class='ocrx_word' id='word_1_39' title='bbox 1136 952 1186 1016; x_wconf 91' lang='lat' dir='ltr'><strong>sit.</strong></span> <span class='ocrx_word' id='word_1_40' title='bbox 1231 957 1263 1016; x_wconf 91' lang='lat' dir='ltr'><strong>et</strong></span> 
     </span>
     <span class='ocr_line' id='line_1_6' title="bbox 135 1066 1314 1151; baseline 0 -17"><span class='ocrx_word' id='word_1_41' title='bbox 135 1066 260 1148; x_wconf 87' lang='lat' dir='ltr'><strong>siquis</strong></span> <span class='ocrx_word' id='word_1_42' title='bbox 283 1072 406 1151; x_wconf 80' lang='lat' dir='ltr'><strong>tempm</strong></span> <span class='ocrx_word' id='word_1_43' title='bbox 429 1069 568 1151; x_wconf 83' lang='lat' dir='ltr'><strong>inquiret</strong></span> <span class='ocrx_word' id='word_1_44' title='bbox 595 1087 657 1150; x_wconf 89' lang='lat' dir='ltr'><strong>quo</strong></span> <span class='ocrx_word' id='word_1_45' title='bbox 687 1069 845 1135; x_wconf 90' lang='lat' dir='ltr'><strong>conditum</strong></span> <span class='ocrx_word' id='word_1_46' title='bbox 873 1075 922 1135; x_wconf 91' lang='lat' dir='ltr'><strong>est</strong></span> <span class='ocrx_word' id='word_1_47' title='bbox 950 1075 1187 1150; x_wconf 75' lang='lat' dir='ltr'><strong>testamentum,</strong></span> <span class='ocrx_word' id='word_1_48' title='bbox 1217 1072 1263 1137; x_wconf 93' lang='lat' dir='ltr'><strong>ui·</strong></span> <span class='ocrx_word' id='word_1_49' title='bbox 1298 1071 1314 1120; x_wconf 83' lang='lat'>⁵</span> 
     </span>
     <span class='ocr_line' id='line_1_7' title="bbox 135 1186 1262 1272; baseline 0.003 -21"><span class='ocrx_word' id='word_1_50' title='bbox 135 1187 266 1254; x_wconf 90' lang='lat' dir='ltr'><strong>debitur</strong></span> <span class='ocrx_word' id='word_1_51' title='bbox 298 1187 376 1254; x_wconf 85' lang='lat' dir='ltr'><strong>citra</strong></span> <span class='ocrx_word' id='word_1_52' title='bbox 406 1186 646 1254; x_wconf 76' lang='lat' dir='ltr'><strong>sollemnitatem</strong></span> <span class='ocrx_word' id='word_1_53' title='bbox 677 1189 798 1267; x_wconf 87' lang='lat' dir='ltr'><strong>uulere;</strong></span> <span class='ocrx_word' id='word_1_54' title='bbox 832 1189 881 1253; x_wconf 93' lang='lat' dir='ltr'><strong>sin</strong></span> <span class='ocrx_word' id='word_1_55' title='bbox 916 1194 1020 1255; x_wconf 91' lang='lat' dir='ltr'><strong>eutem</strong></span> <span class='ocrx_word' id='word_1_56' title='bbox 1049 1195 1172 1272; x_wconf 86' lang='lat' dir='ltr'><strong>tempus</strong></span> <span class='ocrx_word' id='word_1_57' title='bbox 1201 1206 1262 1270; x_wconf 87' lang='lat' dir='ltr'><strong>qno</strong></span> 
     </span>
     <span class='ocr_line' id='line_1_8' title="bbox 137 1306 1263 1390; baseline 0.001 -18"><span class='ocrx_word' id='word_1_58' title='bbox 137 1309 206 1372; x_wconf 85' lang='lat' dir='ltr'><strong>nitu</strong></span> <span class='ocrx_word' id='word_1_59' title='bbox 229 1309 363 1373; x_wconf 79' lang='lat' dir='ltr'><strong>decessit</strong></span> <span class='ocrx_word' id='word_1_60' title='bbox 386 1315 528 1388; x_wconf 87' lang='lat' dir='ltr'><strong>testetur,</strong></span> <span class='ocrx_word' id='word_1_61' title='bbox 551 1309 634 1390; x_wconf 88' lang='lat' dir='ltr'><strong>quod</strong></span> <span class='ocrx_word' id='word_1_62' title='bbox 657 1309 736 1375; x_wconf 87' lang='lat' dir='ltr'><strong>citru</strong></span> <span class='ocrx_word' id='word_1_63' title='bbox 764 1306 1005 1374; x_wconf 79' lang='lat' dir='ltr'>sollemnitatem</span> <span class='ocrx_word' id='word_1_64' title='bbox 1033 1309 1192 1375; x_wconf 86' lang='lat' dir='ltr'><strong>conditum</strong></span> <span class='ocrx_word' id='word_1_65' title='bbox 1214 1315 1263 1374; x_wconf 86' lang='lat' dir='ltr'><strong>est</strong></span> 
     </span>
     <span class='ocr_line' id='line_1_9' title="bbox 135 1426 1263 1509; baseline 0.003 -17"><span class='ocrx_word' id='word_1_66' title='bbox 135 1433 362 1494; x_wconf 77' lang='lat' dir='ltr'><strong>testamentum</strong></span> <span class='ocrx_word' id='word_1_67' title='bbox 385 1434 488 1492; x_wconf 84' lang='lat' dir='ltr'><strong>rutum</strong></span> <span class='ocrx_word' id='word_1_68' title='bbox 511 1443 665 1494; x_wconf 89' lang='lat' dir='ltr'><strong>essenon</strong></span> <span class='ocrx_word' id='word_1_69' title='bbox 688 1426 858 1492; x_wconf 88' lang='lat' dir='ltr'><strong>uidebitur.</strong></span> <span class='ocrx_word' id='word_1_70' title='bbox 895 1428 970 1508; x_wconf 89' lang='lat' dir='ltr'><strong>qnid</strong></span> <span class='ocrx_word' id='word_1_71' title='bbox 993 1447 1068 1509; x_wconf 87' lang='lat' dir='ltr'><strong>ergo</strong></span> <span class='ocrx_word' id='word_1_72' title='bbox 1091 1426 1164 1494; x_wconf 78' lang='lat' dir='ltr'><strong>est?</strong></span> <span class='ocrx_word' id='word_1_73' title='bbox 1185 1434 1263 1494; x_wconf 90' lang='lat' dir='ltr'><strong>tcm-</strong></span> 
     </span>
     <span class='ocr_line' id='line_1_10' title="bbox 137 1545 1263 1630; baseline 0.002 -20"><span class='ocrx_word' id='word_1_74' title='bbox 137 1564 198 1626; x_wconf 85' lang='lat' dir='ltr'><strong>pns</strong></span> <span class='ocrx_word' id='word_1_75' title='bbox 221 1545 469 1612; x_wconf 81' lang='lat' dir='ltr'><strong>connouersiem</strong></span> <span class='ocrx_word' id='word_1_76' title='bbox 492 1546 618 1612; x_wconf 87' lang='lat' dir='ltr'><strong>dirimit.</strong></span> <span class='ocrx_word' id='word_1_77' title='bbox 657 1547 682 1610; x_wconf 91' lang='lat' dir='ltr'><strong>si</strong></span> <span class='ocrx_word' id='word_1_78' title='bbox 706 1547 832 1629; x_wconf 86' lang='lat' dir='ltr'><strong>quidem</strong></span> <span class='ocrx_word' id='word_1_79' title='bbox 855 1547 938 1612; x_wconf 82' lang='lat' dir='ltr'><strong>intre</strong></span> <span class='ocrx_word' id='word_1_80' title='bbox 959 1565 1075 1613; x_wconf 81' lang='lat' dir='ltr'><strong>annum</strong></span> <span class='ocrx_word' id='word_1_81' title='bbox 1098 1554 1169 1630; x_wconf 87' lang='lat' dir='ltr'><strong>post</strong></span> <span class='ocrx_word' id='word_1_82' title='bbox 1191 1548 1263 1612; x_wconf 91' lang='lat' dir='ltr'><strong>mis·</strong></span> 
     </span>
     <span class='ocr_line' id='line_1_11' title="bbox 135 1665 1314 1738; baseline 0 -8"><span class='ocrx_word' id='word_1_83' title='bbox 135 1667 257 1730; x_wconf 91' lang='lat' dir='ltr'><strong>sionem</strong></span> <span class='ocrx_word' id='word_1_84' title='bbox 280 1665 421 1738; x_wconf 78' lang='lat' dir='ltr'><strong>decessit,</strong></span> <span class='ocrx_word' id='word_1_85' title='bbox 444 1665 563 1732; x_wconf 91' lang='lat' dir='ltr'><strong>decimo</strong></span> <span class='ocrx_word' id='word_1_86' title='bbox 585 1665 665 1732; x_wconf 87' lang='lat' dir='ltr'><strong>forte</strong></span> <span class='ocrx_word' id='word_1_87' title='bbox 693 1666 743 1731; x_wconf 88' lang='lat' dir='ltr'><strong>uel</strong></span> <span class='ocrx_word' id='word_1_88' title='bbox 774 1667 936 1732; x_wconf 88' lang='lat' dir='ltr'><strong>undecimo</strong></span> <span class='ocrx_word' id='word_1_89' title='bbox 966 1683 1070 1732; x_wconf 91' lang='lat' dir='ltr'><strong>mense</strong></span> <span class='ocrx_word' id='word_1_90' title='bbox 1098 1685 1155 1732; x_wconf 89' lang='lat' dir='ltr'><strong>nec</strong></span> <span class='ocrx_word' id='word_1_91' title='bbox 1183 1666 1314 1731; x_wconf 93' lang='lat' dir='ltr'><strong>mili-10</strong></span> 
     </span>
     <span class='ocr_line' id='line_1_12' title="bbox 136 1785 1261 1867; baseline 0.002 -17"><span class='ocrx_word' id='word_1_92' title='bbox 136 1795 206 1851; x_wconf 83' lang='lat' dir='ltr'><strong>tare</strong></span> <span class='ocrx_word' id='word_1_93' title='bbox 228 1792 451 1851; x_wconf 81' lang='lat' dir='ltr'><strong>testamentum</strong></span> <span class='ocrx_word' id='word_1_94' title='bbox 471 1804 562 1852; x_wconf 90' lang='lat' dir='ltr'><strong>suum</strong></span> <span class='ocrx_word' id='word_1_95' title='bbox 584 1787 755 1864; x_wconf 80' lang='lat' dir='ltr'><strong>reuocauit,</strong></span> <span class='ocrx_word' id='word_1_96' title='bbox 778 1785 811 1849; x_wconf 96' lang='lat' dir='ltr'><strong>id</strong></span> <span class='ocrx_word' id='word_1_97' title='bbox 826 1803 883 1867; x_wconf 91' lang='lat' dir='ltr'><strong>pro</strong></span> <span class='ocrx_word' id='word_1_98' title='bbox 906 1791 976 1850; x_wconf 84' lang='lat' dir='ltr'><strong>reto</strong></span> <span class='ocrx_word' id='word_1_99' title='bbox 998 1785 1177 1851; x_wconf 85' lang='lat' dir='ltr'><strong>habendum</strong></span> <span class='ocrx_word' id='word_1_100' title='bbox 1200 1792 1261 1860; x_wconf 89' lang='lat' dir='ltr'><strong>est;</strong></span> 
     </span>
     <span class='ocr_line' id='line_1_13' title="bbox 135 1905 1260 1988; baseline -0.002 -18"><span class='ocrx_word' id='word_1_101' title='bbox 135 1906 185 1970; x_wconf 93' lang='lat' dir='ltr'><strong>sin</strong></span> <span class='ocrx_word' id='word_1_102' title='bbox 208 1911 314 1971; x_wconf 84' lang='lat' dir='ltr'><strong>eutem</strong></span> <span class='ocrx_word' id='word_1_103' title='bbox 337 1911 407 1988; x_wconf 88' lang='lat' dir='ltr'><strong>post</strong></span> <span class='ocrx_word' id='word_1_104' title='bbox 432 1907 609 1971; x_wconf 89' lang='lat' dir='ltr'><strong>missionem</strong></span> <span class='ocrx_word' id='word_1_105' title='bbox 632 1925 713 1971; x_wconf 86' lang='lat' dir='ltr'><strong>enno</strong></span> <span class='ocrx_word' id='word_1_106' title='bbox 735 1907 878 1984; x_wconf 88' lang='lat' dir='ltr'><strong>decurso,</strong></span> <span class='ocrx_word' id='word_1_107' title='bbox 901 1925 962 1972; x_wconf 92' lang='lat' dir='ltr'><strong>non</strong></span> <span class='ocrx_word' id='word_1_108' title='bbox 986 1905 1119 1988; x_wconf 85' lang='lat' dir='ltr'><strong>emplius</strong></span> <span class='ocrx_word' id='word_1_109' title='bbox 1133 1907 1260 1972; x_wconf 86' lang='lat' dir='ltr'><strong>uulcbit.</strong></span> 
     </span>
     <span class='ocr_line' id='line_1_14' title="bbox 134 2025 1262 2109; baseline 0.001 -17"><span class='ocrx_word' id='word_1_110' title='bbox 134 2025 295 2092; x_wconf 81' lang='lat' dir='ltr'><strong>sufficiens</strong></span> <span class='ocrx_word' id='word_1_111' title='bbox 318 2027 399 2092; x_wconf 91' lang='lat' dir='ltr'><strong>enim</strong></span> <span class='ocrx_word' id='word_1_112' title='bbox 423 2028 558 2092; x_wconf 89' lang='lat' dir='ltr'><strong>medinm</strong></span> <span class='ocrx_word' id='word_1_113' title='bbox 581 2034 704 2109; x_wconf 88' lang='lat' dir='ltr'><strong>tempus</strong></span> <span class='ocrx_word' id='word_1_114' title='bbox 732 2032 800 2092; x_wconf 86' lang='lat' dir='ltr'><strong>eret</strong></span> <span class='ocrx_word' id='word_1_115' title='bbox 828 2025 869 2092; x_wconf 87' lang='lat' dir='ltr'><strong>ud</strong></span> <span class='ocrx_word' id='word_1_116' title='bbox 899 2026 1077 2092; x_wconf 89' lang='lat' dir='ltr'><strong>sollemnem</strong></span> <span class='ocrx_word' id='word_1_117' title='bbox 1107 2027 1138 2092; x_wconf 94' lang='lat' dir='ltr'><strong>in</strong></span> <span class='ocrx_word' id='word_1_118' title='bbox 1167 2032 1262 2094; x_wconf 84' lang='lat' dir='ltr'><strong>testu·</strong></span> 
     </span>
     <span class='ocr_line' id='line_1_15' title="bbox 136 2146 1261 2227; baseline -0.002 -15"><span class='ocrx_word' id='word_1_119' title='bbox 136 2148 252 2212; x_wconf 89' lang='lat' dir='ltr'><strong>mentis</strong></span> <span class='ocrx_word' id='word_1_120' title='bbox 274 2147 525 2212; x_wconf 78' lang='lat' dir='ltr'><strong>obseruationem</strong></span> <span class='ocrx_word' id='word_1_121' title='bbox 552 2146 804 2227; x_wconf 84' lang='lat' dir='ltr'><strong>perdiscendam,</strong></span> <span class='ocrx_word' id='word_1_122' title='bbox 828 2153 879 2225; x_wconf 93' lang='lat' dir='ltr'><strong>nt,</strong></span> <span class='ocrx_word' id='word_1_123' title='bbox 916 2152 1036 2212; x_wconf 77' lang='lat' dir='ltr'><strong>mumto</strong></span> <span class='ocrx_word' id='word_1_124' title='bbox 1063 2152 1261 2224; x_wconf 79' lang='lat' dir='ltr'><strong>testamento,</strong></span> 
     </span>
     <span class='ocr_line' id='line_1_16' title="bbox 135 2264 1313 2348; baseline -0.001 -17"><span class='ocrx_word' id='word_1_125' title='bbox 135 2267 182 2332; x_wconf 84' lang='lat' dir='ltr'><strong>ita</strong></span> <span class='ocrx_word' id='word_1_126' title='bbox 204 2273 395 2348; x_wconf 83' lang='lat' dir='ltr'><strong>postremam</strong></span> <span class='ocrx_word' id='word_1_127' title='bbox 421 2265 620 2332; x_wconf 80' lang='lat' dir='ltr'><strong>confirmaret</strong></span> <span class='ocrx_word' id='word_1_128' title='bbox 650 2267 854 2332; x_wconf 79' lang='lat' dir='ltr'><strong>uoluntatem.</strong></span> <span class='ocrx_word' id='word_1_129' title='bbox 906 2267 981 2348; x_wconf 90' lang='lat' dir='ltr'><strong>quid</strong></span> <span class='ocrx_word' id='word_1_130' title='bbox 1010 2264 1109 2348; x_wconf 88' lang='lat' dir='ltr'><strong>igitur</strong></span> <span class='ocrx_word' id='word_1_131' title='bbox 1136 2267 1163 2331; x_wconf 93' lang='lat' dir='ltr'><strong>si</strong></span> <span class='ocrx_word' id='word_1_132' title='bbox 1191 2266 1262 2347; x_wconf 90' lang='lat' dir='ltr'><strong>quis</strong></span> <span class='ocrx_word' id='word_1_133' title='bbox 1283 2272 1313 2323; x_wconf 79' lang='lat'><strong>15</strong></span> 
     </span>
     <span class='ocr_line' id='line_1_17' title="bbox 139 2359 1305 2463; baseline -0.003 -13"><span class='ocrx_word' id='word_1_134' title='bbox 139 2383 270 2450; x_wconf 82' lang='lat' dir='ltr'><strong>militari</strong></span> <span class='ocrx_word' id='word_1_135' title='bbox 299 2387 362 2451; x_wconf 88' lang='lat' dir='ltr'><strong>ritu</strong></span> <span class='ocrx_word' id='word_1_136' title='bbox 390 2391 525 2450; x_wconf 80' lang='lat' dir='ltr'><strong>testatus</strong></span> <span class='ocrx_word' id='word_1_137' title='bbox 555 2384 613 2463; x_wconf 91' lang='lat' dir='ltr'><strong>sit,</strong></span> <span class='ocrx_word' id='word_1_138' title='bbox 644 2385 790 2450; x_wconf 90' lang='lat' dir='ltr'><strong>heredem</strong></span> <span class='ocrx_word' id='word_1_139' title='bbox 822 2404 897 2450; x_wconf 90' lang='lat' dir='ltr'><strong>nero</strong></span> <span class='ocrx_word' id='word_1_140' title='bbox 926 2385 985 2450; x_wconf 90' lang='lat' dir='ltr'><strong>sub</strong></span> <span class='ocrx_word' id='word_1_141' title='bbox 1016 2384 1197 2450; x_wconf 90' lang='lat' dir='ltr'><strong>condicione</strong></span> <span class='ocrx_word' id='word_1_142' title='bbox 1220 2385 1262 2448; x_wconf 92' lang='lat' dir='ltr'><strong>in·</strong></span> <span class='ocrx_word' id='word_1_143' title='bbox 1303 2359 1305 2362; x_wconf 29' lang='lat'>⁵</span> 
     </span>
     <span class='ocr_line' id='line_1_18' title="bbox 136 2505 1263 2588; baseline -0.002 -18"><span class='ocrx_word' id='word_1_144' title='bbox 136 2505 296 2584; x_wconf 88' lang='lat' dir='ltr'><strong>stituerit;</strong></span> <span class='ocrx_word' id='word_1_145' title='bbox 319 2512 461 2572; x_wconf 88' lang='lat' dir='ltr'><strong>mortuus</strong></span> <span class='ocrx_word' id='word_1_146' title='bbox 484 2507 526 2570; x_wconf 90' lang='lat' dir='ltr'><strong>sit</strong></span> <span class='ocrx_word' id='word_1_147' title='bbox 546 2510 653 2571; x_wconf 84' lang='lat' dir='ltr'><strong>cutem</strong></span> <span class='ocrx_word' id='word_1_148' title='bbox 675 2508 759 2570; x_wconf 87' lang='lat' dir='ltr'><strong>intre</strong></span> <span class='ocrx_word' id='word_1_149' title='bbox 781 2523 898 2572; x_wconf 80' lang='lat' dir='ltr'><strong>annum</strong></span> <span class='ocrx_word' id='word_1_150' title='bbox 925 2505 1206 2588; x_wconf 74' lang='lat' dir='ltr'><strong>commissionem,</strong></span> <span class='ocrx_word' id='word_1_151' title='bbox 1229 2513 1263 2570; x_wconf 85' lang='lat' dir='ltr'><strong>st</strong></span> 
     </span>
     <span class='ocr_line' id='line_1_19' title="bbox 135 2623 1262 2708; baseline -0.006 -14"><span class='ocrx_word' id='word_1_152' title='bbox 135 2627 278 2694; x_wconf 90' lang='lat' dir='ltr'><strong>condicio</strong></span> <span class='ocrx_word' id='word_1_153' title='bbox 311 2626 518 2691; x_wconf 89' lang='lat' dir='ltr'><strong>institutionis</strong></span> <span class='ocrx_word' id='word_1_154' title='bbox 546 2633 617 2708; x_wconf 87' lang='lat' dir='ltr'><strong>post</strong></span> <span class='ocrx_word' id='word_1_155' title='bbox 645 2645 759 2692; x_wconf 87' lang='lat' dir='ltr'><strong>unnum</strong></span> <span class='ocrx_word' id='word_1_156' title='bbox 797 2623 959 2692; x_wconf 84' lang='lat' dir='ltr'><strong>extiterit?</strong></span> <span class='ocrx_word' id='word_1_157' title='bbox 993 2625 1193 2707; x_wconf 82' lang='lat' dir='ltr'><strong>dispiciamus</strong></span> <span class='ocrx_word' id='word_1_158' title='bbox 1222 2643 1262 2688; x_wconf 84' lang='lat' dir='ltr'><strong>nn</strong></span> 
     </span>
     <span class='ocr_line' id='line_1_20' title="bbox 135 2744 1260 2827; baseline -0.001 -17"><span class='ocrx_word' id='word_1_159' title='bbox 135 2747 208 2812; x_wconf 91' lang='lat' dir='ltr'><strong>ideo</strong></span> <span class='ocrx_word' id='word_1_160' title='bbox 241 2752 463 2810; x_wconf 79' lang='lat' dir='ltr'><strong>testamentum</strong></span> <span class='ocrx_word' id='word_1_161' title='bbox 491 2745 622 2810; x_wconf 89' lang='lat' dir='ltr'><strong>inritum</strong></span> <span class='ocrx_word' id='word_1_162' title='bbox 651 2744 728 2811; x_wconf 83' lang='lat' dir='ltr'><strong>finti</strong></span> <span class='ocrx_word' id='word_1_163' title='bbox 759 2753 791 2812; x_wconf 89' lang='lat' dir='ltr'><strong>ct</strong></span> <span class='ocrx_word' id='word_1_164' title='bbox 824 2747 924 2826; x_wconf 83' lang='lat' dir='ltr'><strong>magis</strong></span> <span class='ocrx_word' id='word_1_165' title='bbox 956 2753 1005 2810; x_wconf 92' lang='lat' dir='ltr'><strong>est</strong></span> <span class='ocrx_word' id='word_1_166' title='bbox 1032 2752 1069 2810; x_wconf 90' lang='lat' dir='ltr'><strong>ut</strong></span> <span class='ocrx_word' id='word_1_167' title='bbox 1096 2763 1260 2827; x_wconf 81' lang='lat' dir='ltr'><strong>negemus:</strong></span> 
     </span>
     <span class='ocr_line' id='line_1_21' title="bbox 135 2862 1314 2946; baseline 0 -18"><span class='ocrx_word' id='word_1_168' title='bbox 135 2870 271 2930; x_wconf 91' lang='lat' dir='ltr'><strong>mortem</strong></span> <span class='ocrx_word' id='word_1_169' title='bbox 293 2867 375 2929; x_wconf 89' lang='lat' dir='ltr'><strong>enim</strong></span> <span class='ocrx_word' id='word_1_170' title='bbox 397 2864 482 2929; x_wconf 83' lang='lat' dir='ltr'><strong>intre</strong></span> <span class='ocrx_word' id='word_1_171' title='bbox 512 2883 626 2930; x_wconf 85' lang='lat' dir='ltr'><strong>ennom</strong></span> <span class='ocrx_word' id='word_1_172' title='bbox 656 2872 732 2946; x_wconf 87' lang='lat' dir='ltr'><strong>post</strong></span> <span class='ocrx_word' id='word_1_173' title='bbox 757 2865 935 2930; x_wconf 86' lang='lat' dir='ltr'><strong>missionem</strong></span> <span class='ocrx_word' id='word_1_174' title='bbox 967 2862 1035 2931; x_wconf 90' lang='lat' dir='ltr'><strong>fieri</strong></span> <span class='ocrx_word' id='word_1_175' title='bbox 1062 2864 1261 2945; x_wconf 87' lang='lat' dir='ltr'><strong>requirimus,</strong></span> <span class='ocrx_word' id='word_1_176' title='bbox 1280 2869 1314 2921; x_wconf 77' lang='lat'><strong>2⁰</strong></span> 
     </span>
    </p>
   </div>
   <div class='ocr_carea' id='block_1_3' title="bbox 92 2983 1314 3774">
    <p class='ocr_par' dir='ltr' id='par_1_3' title="bbox 92 2983 1314 3665">
     <span class='ocr_line' id='line_1_22' title="bbox 92 2983 1262 3067; baseline -0.003 -16"><span class='ocrx_word' id='word_1_177' title='bbox 92 2993 117 3042; x_wconf 76' lang='lat'><strong>4·</strong></span> <span class='ocrx_word' id='word_1_178' title='bbox 136 3006 200 3053; x_wconf 93' lang='lat' dir='ltr'><strong>non</strong></span> <span class='ocrx_word' id='word_1_179' title='bbox 234 2987 328 3050; x_wconf 84' lang='lat' dir='ltr'><strong>etiam</strong></span> <span class='ocrx_word' id='word_1_180' title='bbox 362 2987 539 3053; x_wconf 84' lang='lat' dir='ltr'><strong>editionem.</strong></span> <span class='ocrx_word' id='word_1_181' title='bbox 584 2989 614 3050; x_wconf 84' lang='lat'><strong>4.</strong></span> <span class='ocrx_word' id='word_1_182' title='bbox 648 2987 794 3067; x_wconf 81' lang='lat' dir='ltr'><strong>Pogonus</strong></span> <span class='ocrx_word' id='word_1_183' title='bbox 823 2988 948 3066; x_wconf 85' lang='lat' dir='ltr'><strong>quidum</strong></span> <span class='ocrx_word' id='word_1_184' title='bbox 976 2991 1198 3052; x_wconf 80' lang='lat' dir='ltr'><strong>testamentum</strong></span> <span class='ocrx_word' id='word_1_185' title='bbox 1221 2983 1262 3048; x_wconf 90' lang='lat' dir='ltr'><strong>ci·</strong></span> 
     </span>
     <span class='ocr_line' id='line_1_23' title="bbox 136 3103 1262 3188; baseline -0.004 -18"><span class='ocrx_word' id='word_1_186' title='bbox 136 3115 189 3172; x_wconf 87' lang='lat' dir='ltr'><strong>tre</strong></span> <span class='ocrx_word' id='word_1_187' title='bbox 211 3105 451 3172; x_wconf 79' lang='lat' dir='ltr'><strong>sollemnitatem</strong></span> <span class='ocrx_word' id='word_1_188' title='bbox 479 3105 566 3180; x_wconf 89' lang='lat' dir='ltr'><strong>iccit,</strong></span> <span class='ocrx_word' id='word_1_189' title='bbox 596 3106 709 3170; x_wconf 89' lang='lat' dir='ltr'><strong>deinde</strong></span> <span class='ocrx_word' id='word_1_190' title='bbox 731 3106 887 3188; x_wconf 83' lang='lat' dir='ltr'><strong>stipendio</strong></span> <span class='ocrx_word' id='word_1_191' title='bbox 915 3106 1038 3171; x_wconf 88' lang='lat' dir='ltr'><strong>meruit.</strong></span> <span class='ocrx_word' id='word_1_192' title='bbox 1090 3106 1122 3171; x_wconf 93' lang='lat' dir='ltr'><strong>in</strong></span> <span class='ocrx_word' id='word_1_193' title='bbox 1150 3103 1262 3169; x_wconf 82' lang='lat' dir='ltr'><strong>cestris</strong></span> 
     </span>
     <span class='ocr_line' id='line_1_24' title="bbox 135 3221 1262 3308; baseline -0.006 -16"><span class='ocrx_word' id='word_1_194' title='bbox 135 3245 209 3292; x_wconf 90' lang='lat' dir='ltr'><strong>oum</strong></span> <span class='ocrx_word' id='word_1_195' title='bbox 232 3227 370 3308; x_wconf 84' lang='lat' dir='ltr'><strong>degeret,</strong></span> <span class='ocrx_word' id='word_1_196' title='bbox 394 3226 566 3307; x_wconf 86' lang='lat' dir='ltr'><strong>resigneuit</strong></span> <span class='ocrx_word' id='word_1_197' title='bbox 587 3231 809 3292; x_wconf 81' lang='lat' dir='ltr'><strong>testamentum</strong></span> <span class='ocrx_word' id='word_1_198' title='bbox 833 3233 865 3290; x_wconf 92' lang='lat' dir='ltr'><strong>et</strong></span> <span class='ocrx_word' id='word_1_199' title='bbox 879 3225 1032 3308; x_wconf 79' lang='lat' dir='ltr'><strong>quaedem</strong></span> <span class='ocrx_word' id='word_1_200' title='bbox 1056 3224 1173 3290; x_wconf 83' lang='lat' dir='ltr'><strong>ediscit</strong></span> <span class='ocrx_word' id='word_1_201' title='bbox 1194 3221 1262 3287; x_wconf 90' lang='lat' dir='ltr'><strong>siue</strong></span> 
     </span>
     <span class='ocr_line' id='line_1_25' title="bbox 140 3323 1263 3426; baseline -0.005 -16"><span class='ocrx_word' id='word_1_202' title='bbox 140 3345 287 3424; x_wconf 80' lang='lat' dir='ltr'><strong>detraxit,</strong></span> <span class='ocrx_word' id='word_1_203' title='bbox 311 3346 361 3411; x_wconf 88' lang='lat' dir='ltr'><strong>uel</strong></span> <span class='ocrx_word' id='word_1_204' title='bbox 389 3348 604 3412; x_wconf 80' lang='lat' dir='ltr'><strong>tantummodo</strong></span> <span class='ocrx_word' id='word_1_205' title='bbox 631 3323 664 3410; x_wconf 87' lang='lat' dir='ltr'><strong>id</strong></span> <span class='ocrx_word' id='word_1_206' title='bbox 687 3344 849 3426; x_wconf 63' lang='lat' dir='ltr'><strong>legit„uel</strong></span> <span class='ocrx_word' id='word_1_207' title='bbox 871 3345 956 3410; x_wconf 86' lang='lat' dir='ltr'><strong>uliud</strong></span> <span class='ocrx_word' id='word_1_208' title='bbox 978 3344 1052 3425; x_wconf 89' lang='lat' dir='ltr'><strong>quid</strong></span> <span class='ocrx_word' id='word_1_209' title='bbox 1082 3341 1172 3416; x_wconf 86' lang='lat' dir='ltr'><strong>fecit,</strong></span> <span class='ocrx_word' id='word_1_210' title='bbox 1201 3357 1263 3421; x_wconf 89' lang='lat' dir='ltr'><strong>quo</strong></span> 
     </span>
     <span class='ocr_line' id='line_1_26' title="bbox 136 3463 1314 3548; baseline -0.007 -17"><span class='ocrx_word' id='word_1_211' title='bbox 136 3467 278 3548; x_wconf 81' lang='lat' dir='ltr'><strong>patuerit</strong></span> <span class='ocrx_word' id='word_1_212' title='bbox 301 3465 406 3530; x_wconf 90' lang='lat' dir='ltr'><strong>militis</strong></span> <span class='ocrx_word' id='word_1_213' title='bbox 429 3467 574 3531; x_wconf 81' lang='lat' dir='ltr'><strong>uoluntas</strong></span> <span class='ocrx_word' id='word_1_214' title='bbox 597 3466 655 3531; x_wconf 94' lang='lat' dir='ltr'><strong>hoc</strong></span> <span class='ocrx_word' id='word_1_215' title='bbox 678 3466 783 3531; x_wconf 84' lang='lat' dir='ltr'><strong>ualere</strong></span> <span class='ocrx_word' id='word_1_216' title='bbox 806 3464 956 3542; x_wconf 88' lang='lat' dir='ltr'><strong>uolentis,</strong></span> <span class='ocrx_word' id='word_1_217' title='bbox 980 3463 1092 3528; x_wconf 89' lang='lat' dir='ltr'><strong>deinde</strong></span> <span class='ocrx_word' id='word_1_218' title='bbox 1120 3465 1314 3526; x_wconf 67' lang='lat' dir='ltr'><strong>mortuusis</strong></span> 
     </span>
     <span class='ocr_line' id='line_1_27' title="bbox 136 3580 1263 3665; baseline -0.006 -14"><span class='ocrx_word' id='word_1_219' title='bbox 136 3592 196 3651; x_wconf 90' lang='lat' dir='ltr'><strong>est.</strong></span> <span class='ocrx_word' id='word_1_220' title='bbox 243 3585 361 3651; x_wconf 85' lang='lat' dir='ltr'><strong>unlebit</strong></span> <span class='ocrx_word' id='word_1_221' title='bbox 382 3592 604 3651; x_wconf 80' lang='lat' dir='ltr'><strong>testamentum</strong></span> <span class='ocrx_word' id='word_1_222' title='bbox 627 3586 718 3665; x_wconf 87' lang='lat' dir='ltr'><strong>quasi</strong></span> <span class='ocrx_word' id='word_1_223' title='bbox 741 3603 778 3648; x_wconf 87' lang='lat' dir='ltr'><strong>ex</strong></span> <span class='ocrx_word' id='word_1_224' title='bbox 794 3602 876 3649; x_wconf 89' lang='lat' dir='ltr'><strong>noue</strong></span> <span class='ocrx_word' id='word_1_225' title='bbox 893 3584 960 3648; x_wconf 89' lang='lat' dir='ltr'><strong>eius</strong></span> <span class='ocrx_word' id='word_1_226' title='bbox 976 3580 1148 3659; x_wconf 88' lang='lat' dir='ltr'><strong>uoluntate,</strong></span> <span class='ocrx_word' id='word_1_227' title='bbox 1170 3597 1263 3661; x_wconf 87' lang='lat' dir='ltr'><strong>quum</strong></span> 
     </span>
    </p>

    <p class='ocr_par' dir='ltr' id='par_1_4' title="bbox 92 3699 1264 3774">
     <span class='ocr_line' id='line_1_28' title="bbox 92 3699 1264 3774; baseline -0.008 0"><span class='ocrx_word' id='word_1_228' title='bbox 92 3725 116 3774; x_wconf 85' lang='lat' dir='ltr'><strong>o.</strong></span> <span class='ocrx_word' id='word_1_229' title='bbox 136 3705 170 3770; x_wconf 93' lang='lat' dir='ltr'><strong>in</strong></span> <span class='ocrx_word' id='word_1_230' title='bbox 194 3705 306 3770; x_wconf 81' lang='lat' dir='ltr'><strong>cestris</strong></span> <span class='ocrx_word' id='word_1_231' title='bbox 329 3705 439 3770; x_wconf 83' lang='lat' dir='ltr'><strong>hebuit</strong></span> <span class='ocrx_word' id='word_1_232' title='bbox 460 3703 545 3770; x_wconf 88' lang='lat' dir='ltr'><strong>circu</strong></span> <span class='ocrx_word' id='word_1_233' title='bbox 567 3709 798 3769; x_wconf 81' lang='lat' dir='ltr'><strong>testamentum.</strong></span> <span class='ocrx_word' id='word_1_234' title='bbox 843 3703 872 3767; x_wconf 84' lang='lat'><strong>5.</strong></span> <span class='ocrx_word' id='word_1_235' title='bbox 910 3700 999 3766; x_wconf 88' lang='lat' dir='ltr'><strong>Miles</strong></span> <span class='ocrx_word' id='word_1_236' title='bbox 1021 3701 1053 3766; x_wconf 93' lang='lat' dir='ltr'><strong>in</strong></span> <span class='ocrx_word' id='word_1_237' title='bbox 1077 3701 1189 3766; x_wconf 81' lang='lat' dir='ltr'><strong>cestris</strong></span> <span class='ocrx_word' id='word_1_238' title='bbox 1211 3699 1264 3765; x_wconf 90' lang='lat' dir='ltr'><strong>de·</strong></span> 
     </span>
    </p>
   </div>
   <div class='ocr_carea' id='block_1_4' title="bbox 136 3821 1316 4144">
    <p class='ocr_par' dir='ltr' id='par_1_5' title="bbox 136 3821 1316 4144">
     <span class='ocr_line' id='line_1_29' title="bbox 136 3821 1279 3907; baseline -0.007 -17"><span class='ocrx_word' id='word_1_239' title='bbox 136 3841 214 3907; x_wconf 84' lang='lat' dir='ltr'><strong>gens</strong></span> <span class='ocrx_word' id='word_1_240' title='bbox 237 3842 299 3888; x_wconf 92' lang='lat' dir='ltr'><strong>non</strong></span> <span class='ocrx_word' id='word_1_241' title='bbox 323 3823 390 3889; x_wconf 86' lang='lat' dir='ltr'><strong>iure</strong></span> <span class='ocrx_word' id='word_1_242' title='bbox 413 3829 548 3889; x_wconf 82' lang='lat' dir='ltr'><strong>testatus</strong></span> <span class='ocrx_word' id='word_1_243' title='bbox 577 3829 642 3902; x_wconf 91' lang='lat' dir='ltr'><strong>est;</strong></span> <span class='ocrx_word' id='word_1_244' title='bbox 671 3822 784 3889; x_wconf 88' lang='lat' dir='ltr'><strong>deinde</strong></span> <span class='ocrx_word' id='word_1_245' title='bbox 811 3822 923 3904; x_wconf 85' lang='lat' dir='ltr'><strong>cepitis</strong></span> <span class='ocrx_word' id='word_1_246' title='bbox 950 3821 1192 3886; x_wconf 91' lang='lat' dir='ltr'><strong>deminutionem</strong></span> <span class='ocrx_word' id='word_1_247' title='bbox 1216 3825 1279 3883; x_wconf 87' lang='lat' dir='ltr'><strong>est</strong></span> 
     </span>
     <span class='ocr_line' id='line_1_30' title="bbox 138 3938 1263 4026; baseline -0.008 -17"><span class='ocrx_word' id='word_1_248' title='bbox 138 3961 262 4026; x_wconf 85' lang='lat' dir='ltr'><strong>pessus,</strong></span> <span class='ocrx_word' id='word_1_249' title='bbox 286 3959 357 4007; x_wconf 90' lang='lat' dir='ltr'><strong>num</strong></span> <span class='ocrx_word' id='word_1_250' title='bbox 381 3944 432 4009; x_wconf 92' lang='lat' dir='ltr'><strong>ucl</strong></span> <span class='ocrx_word' id='word_1_251' title='bbox 454 3961 524 4008; x_wconf 90' lang='lat' dir='ltr'><strong>cum</strong></span> <span class='ocrx_word' id='word_1_252' title='bbox 547 3942 598 4008; x_wconf 90' lang='lat' dir='ltr'><strong>sni</strong></span> <span class='ocrx_word' id='word_1_253' title='bbox 620 3941 698 4007; x_wconf 91' lang='lat' dir='ltr'><strong>iuris</strong></span> <span class='ocrx_word' id='word_1_254' title='bbox 722 3948 806 4007; x_wconf 90' lang='lat' dir='ltr'><strong>esset</strong></span> <span class='ocrx_word' id='word_1_255' title='bbox 827 3959 897 4006; x_wconf 91' lang='lat' dir='ltr'><strong>sese</strong></span> <span class='ocrx_word' id='word_1_256' title='bbox 924 3939 1140 4022; x_wconf 86' lang='lat' dir='ltr'><strong>udrogundum</strong></span> <span class='ocrx_word' id='word_1_257' title='bbox 1168 3938 1263 4016; x_wconf 90' lang='lat' dir='ltr'><strong>dedit,</strong></span> 
     </span>
     <span class='ocr_line' id='line_1_31' title="bbox 138 4061 1316 4144; baseline -0.01 -13"><span class='ocrx_word' id='word_1_258' title='bbox 138 4063 190 4131; x_wconf 90' lang='lat' dir='ltr'><strong>uel</strong></span> <span class='ocrx_word' id='word_1_259' title='bbox 211 4081 284 4128; x_wconf 91' lang='lat' dir='ltr'><strong>cum</strong></span> <span class='ocrx_word' id='word_1_260' title='bbox 311 4061 528 4128; x_wconf 81' lang='lat' dir='ltr'><strong>filiusfamilias</strong></span> <span class='ocrx_word' id='word_1_261' title='bbox 558 4067 656 4140; x_wconf 89' lang='lat' dir='ltr'><strong>esset,</strong></span> <span class='ocrx_word' id='word_1_262' title='bbox 687 4063 902 4144; x_wconf 80' lang='lat' dir='ltr'><strong>emancipatus</strong></span> <span class='ocrx_word' id='word_1_263' title='bbox 932 4066 989 4127; x_wconf 92' lang='lat' dir='ltr'><strong>est.</strong></span> <span class='ocrx_word' id='word_1_264' title='bbox 1041 4064 1263 4126; x_wconf 86' lang='lat' dir='ltr'><strong>testamentum</strong></span> <span class='ocrx_word' id='word_1_265' title='bbox 1281 4067 1316 4119; x_wconf 85' lang='lat' dir='ltr'><strong>so</strong></span> 
     </span>
    </p>
   </div>
   <div class='ocr_carea' id='block_1_5' title="bbox 0 0 1544 4882">
    <p class='ocr_par' dir='ltr' id='par_1_6' title="bbox 0 0 1544 4882">
     <span class='ocr_line' id='line_1_32' title="bbox 0 0 1544 4882; baseline 0 0"><span class='ocrx_word' id='word_1_266' title='bbox 0 0 1544 4882; x_wconf 95' lang='lat' dir='ltr'><strong> </strong></span> 
     </span>
    </p>
   </div>
  </div>
 </body>
</html>
