3078 4882
598 469 638 482 -
683 435 830 499 204-

155 639 232 688 uero
255 639 325 687 cum
348 597 527 687 abstinendi
549 621 735 689 beneficium
757 621 948 700 inuenisset,
970 621 1001 686 ei
1023 622 1195 688 creditores
1217 639 1282 688 mo-

156 741 252 806 lestos
276 757 429 806 essenon
452 740 536 804 sinit.
581 750 614 806 et
635 740 667 804 in
690 740 776 806 hisce
798 739 925 823 quidem
952 739 1129 807 differentia
1156 746 1219 813 estr
1233 769 1235 774 v
1249 743 1281 806 in

156 878 193 925 eo
215 863 321 924 cutem
345 859 525 936 similitudo,
549 859 632 939 quod
657 858 725 923 siue
748 859 944 924 necessarius
966 858 1057 924 heres
1080 877 1149 924 sese
1164 858 1282 924 immis-

156 978 266 1058 cuerit,
290 979 358 1045 siue
380 985 547 1045 extraneus
577 981 705 1055 adierit,
735 998 796 1044 non
826 983 974 1059 poterunt
1000 979 1133 1060 amplius
1161 979 1283 1045 heredi·

154 1095 221 1162 tate
244 1115 279 1164 se
302 1099 469 1176 abstinere,
492 1101 552 1165 nisi
574 1099 661 1164 XXV
684 1099 774 1164 annis
798 1098 933 1163 minores
955 1096 1081 1163 fuerint.
1112 1099 1283 1165 minoribus
1316 1102 1334 1152 δ

157 1218 238 1284 enim
262 1218 345 1284 sicut
366 1219 398 1284 in
421 1219 534 1285 ceteris
558 1220 661 1284 causis
685 1221 832 1299 deceptis,
856 1221 900 1284 ita
924 1223 957 1283 et
979 1236 1049 1284 cum
1065 1224 1183 1284 temere
1199 1218 1282 1283 dam·

156 1353 264 1401 nosam
288 1339 484 1420 susceperint
507 1338 713 1404 hereditatem
736 1345 865 1422 praetor
887 1339 1051 1415 succurrit,
1075 1353 1128 1403 eos
1150 1337 1182 1400 in
1204 1337 1283 1401 inte-

114 1464 139 1516 c.
158 1473 249 1536 grum
272 1456 482 1534 restituendo,
506 1462 541 1522 ut
569 1456 743 1523 hereditate
772 1458 931 1522 abstinere
960 1456 1092 1536 possint.
1137 1455 1166 1518 6.
1200 1454 1282 1533 Quid

157 1582 262 1640 autern
286 1574 314 1639 si
336 1575 407 1655 quis
431 1576 530 1642 maior
552 1577 640 1642 XXV
663 1579 751 1642 annis
774 1577 926 1644 soluendo
950 1575 1088 1643 defuncti
1110 1577 1193 1643 bona
1214 1594 1283 1642 esse

157 1700 282 1774 putans,
305 1694 429 1773 adierit,
452 1694 599 1776 deinceps
623 1714 698 1762 uero
721 1711 775 1762 aas
796 1697 932 1761 alienum
954 1696 1125 1778 improuiso
1148 1703 1336 1762 emersa-10

157 1814 243 1892 serit,
267 1812 351 1892 quod
374 1814 464 1895 longe
487 1816 692 1882 hereditatem
721 1819 908 1899 superaret?
935 1818 999 1884 lata
1021 1825 1070 1885 est
1099 1819 1282 1884 constitutio

157 1933 223 1997 diui
246 1931 408 2011 Hadriani,
432 1952 512 2014 quae
535 1936 607 2001 huic
629 1939 791 2014 succurrit,
815 1915 844 2003 si
871 1939 963 2003 modo
990 1938 1094 2020 prima
1121 1939 1200 2004 iacie
1222 1937 1283 2004 sol·

158 2052 260 2117 uendo
283 2051 443 2118 hereditas
466 2055 533 2119 uisa
555 2055 658 2133 tuerit,
683 2056 852 2137 improuiso
876 2064 981 2122 autem
1000 2062 1110 2139 postea
1132 2075 1186 2123 aes
1208 2056 1283 2122 alie·

158 2189 232 2236 num
255 2170 429 2250 emerserit,
452 2173 534 2254 quod
558 2175 704 2240 editionis
728 2182 868 2256 tempore
891 2175 1044 2241 latuisset.
1080 2182 1129 2241 set
1150 2175 1281 2240 Hadria·

159 2308 218 2355 nus
246 2289 372 2372 quidem
399 2290 528 2371 speciali
556 2292 706 2359 beneficio
735 2300 839 2360 certae
869 2311 1021 2374 personae
1048 2295 1129 2358 hanc
1158 2293 1284 2358 uoniam
1305 2305 1336 2357 15

159 2413 329 2490 concessit,
353 2413 446 2478 diuus
469 2419 575 2478 autem
598 2412 777 2479 Gordianus
799 2419 910 2494 postea
938 2414 979 2477 ad
1009 2411 1124 2477 milites
1146 2417 1283 2476 tontum-

158 2531 250 2596 modo
273 2531 453 2597 huiusmodi
483 2531 667 2598 heneficium
698 2533 847 2598 extendit.
899 2531 1048 2614 principis
1076 2549 1152 2595 uero
1184 2532 1283 2595 nostri

158 2650 373 2717 beniuolentia
395 2670 557 2716 commune
580 2653 722 2718 omnihus
751 2651 881 2731 imperio
912 2669 968 2715 suo
996 2650 1147 2715 subiectis
1169 2648 1283 2716 benefi-

159 2770 242 2836 cium
276 2771 450 2852 praestitit3
479 2769 735 2835 constitutionem
764 2771 845 2836 enim
879 2769 1014 2834 nobilem
1044 2772 1139 2850 atque
1160 2767 1284 2848 acquis-

159 2891 269 2954 simam
294 2894 407 2969 posuit,
430 2896 466 2955 ut
487 2889 697 2954 inuentorium
726 2896 800 2955 ante
827 2890 996 2955 aditionem
1019 2887 1075 2952 fiat
1097 2903 1168 2952 cum
1190 2887 1284 2953 certis
1303 2900 1337 2951 20

160 3009 348 3090 quibusdam
372 3007 655 3085 obseruationibus,
678 3011 766 3075 cuius
790 3017 931 3074 tenorem
954 3009 981 3072 si
1004 3008 1073 3089 quis
1096 3008 1284 3073 obseruatio

159 3129 218 3206 rit,
252 3128 326 3194 licet
362 3130 544 3195 obaeratam
582 3128 786 3194 hereditatem
818 3128 945 3206 adierit,
983 3129 1014 3192 in
1049 3132 1170 3192 tantum
1197 3126 1285 3188 dum·

160 3253 248 3312 taxat
270 3249 436 3327 tenebitur,
459 3246 491 3312 in
513 3254 665 3328 quantum
687 3248 794 3313 ualere
815 3247 1001 3312 hereditatis
1030 3247 1111 3312 hona
1134 3243 1286 3324 contingit

160 3373 193 3432 ct
213 3367 284 3433 ideo
308 3384 408 3447 neque
432 3365 655 3432 deliberatione
683 3384 761 3446 opus
792 3373 849 3430 est.
902 3364 1096 3429 deliberandi
1126 3362 1207 3427 enim
1234 3361 1284 3425 ius

160 3487 230 3552 ideo
254 3487 465 3551 introductum
489 3492 546 3564 est,
577 3491 612 3550 ut
634 3490 782 3554 cernatur
812 3503 851 3548 an
880 3481 1026 3565 optabilis
1056 3481 1215 3546 hereditas
1244 3480 1285 3544 sit
1303 3509 1336 3560 25

161 3613 193 3672 et
220 3609 266 3672 sio
294 3606 377 3670 adiri
403 3603 519 3688 possit,
554 3623 593 3670 ne
623 3604 693 3683 quis
722 3609 838 3668 temere
865 3603 1045 3666 damnosam
1079 3599 1285 3665 hereditatem

161 3725 322 3807 suscipiat.
368 3724 544 3789 sinautem
568 3722 814 3788 sacratissimam
836 3720 986 3802 principis
1015 3718 1114 3785 nostri
1137 3717 1287 3783 constitu·
