3078 4882
691 431 920 494 -156-

250 621 311 681 τῶν
335 615 492 702 διαθηκῶν
514 615 589 701 γένη
612 618 633 702 ή
657 619 790 704 πολιτικὴ
813 617 981 703 νομοθεσία
1003 617 1147 705 ήπίοτατο
1167 619 1263 705 μόνη,
1291 621 1371 704 μετὰ

248 719 285 784 δὲ
307 717 403 784 ταῦτα
425 720 459 781 τδ
483 721 536 782 τοῦ
558 717 727 802 pra6toros
750 721 904 808 ήδικτονῑ)
928 721 1037 804 ἕτερον
1062 721 1154 786 τύπον
1170 721 1217 785 ἐπὶ
1234 724 1271 808 τῇ
1286 724 1371 809 ποιή-

248 845 295 886 σει
316 819 507 908 διαθηκῶνῖ)
531 821 672 908 ἐξηῦρεν.
696 825 773 888 κατὰ
795 825 856 907 γὰρ
880 826 915 888 τδ
937 823 1123 908 ρτυθίύτίοα
1145 824 1260 888 δίκαιον
1283 823 1372 888 οὐδε·

245 925 301 1008 μία
321 923 597 1008 θωαηοίραίάωοί)
620 925 799 1008 ἐπράττετο,
824 927 901 990 ἀλλὰ
922 927 998 990 ἑπτὰ
1011 927 1182 1012 μαρτύρων
1196 925 1371 1013 σφραγῖδες

211 1027 362 1114 πήρκουν
386 1026 428 1102 είς
451 1029 484 1090 τὸ
508 1031 630 1113 ποιήσαι
652 1028 835 1111 praetorian
858 1027 1025 1115 διαθήκην·
1050 1029 1079 1093 ελ
1100 1031 1161 1112 γάρ
1178 1051 1227 1103 τις
1243 1027 1370 1093 διέθετο

246 1129 295 1193 καί
323 1129 377 1214 τήν
407 1127 558 1216 διαθήκην
587 1127 713 1215 αύτήνί)
741 1130 818 1193 ἑπτὰ
847 1130 1019 1216 μαρτύρων
1047 1133 1212 1216 σφραγῖσιν
1242 1130 1371 1217 ἐποίησε

247 1228 489 1316 σφραγιοθήναι,
513 1232 690 1295 άπετελεῖτο
714 1231 879 1315 praetoria
902 1232 1052 1322 διαθήκη,
1076 1233 1169 1297 όπότε
1198 1235 1231 1298 τδ
1262 1235 1371 1296 πολιτι·

246 1335 298 1396 τὸν
320 1333 376 1396 οὐκ
397 1333 480 1398 οἶδεν
503 1335 672 1415 ἀναγκαίας
695 1335 748 1410 τὰς
762 1341 825 1400 τῶν
839 1336 1010 1422 μαρτύρων
1026 1335 1211 1422 σφραγῖδας.
1239 1336 1269 1400 3.
1292 1335 1371 1398 Ἀλλ’
1388 1339 1414 1390 ἃ

246 1435 351 1521 ἐπειδή
375 1437 451 1500 κατὰ
472 1437 577 1524 βραχὺ
599 1435 691 1501 τοῦτο
712 1438 770 1522 μὲν
793 1437 826 1502 ἐκ
849 1442 904 1524 τῆς
926 1437 1081 1522 διαφόρου
1105 1443 1166 1501 τῶν
1189 1435 1370 1522 ἀνθρώπων

197 1554 229 1606 10
241 1540 400 1626 χρήσεως,
424 1537 513 1602 τοῦτο
545 1538 582 1604 δὲ
608 1541 657 1602 καὶ
686 1539 725 1612 ἐξ
750 1539 795 1603 ὧν
826 1539 1022 1625 ἐδιύρθωσαν
1030 1540 1055 1623 ⁶)
1086 1541 1118 1604 αῖ
1144 1540 1299 1616 διατάξεις
1325 1541 1372 1616 εἰς

199 1709 202 1720 ,
242 1641 316 1724 μίαν
350 1642 530 1726 συμφωνίαν
560 1645 594 1705 τδ
624 1644 773 1708 πολιτικὸν
803 1644 868 1729 ἅμα
887 1646 945 1708 καὶ
972 1645 1005 1707 τὸ
1037 1640 1223 1726 ρτυθύότίοο
1252 1642 1370 1706 δίκαων

245 1742 363 1829 ήρξατο
393 1743 620 1824 συνάπτεσθαι,
650 1745 869 1832 ἐκράτησενί),
899 1745 979 1822 ῶςτε
1008 1746 1040 1808 ἐν
1069 1745 1113 1808 ἑνί
1141 1747 1191 1809 καὶ
1214 1747 1263 1829 τῷ
1284 1742 1374 1831 αύτῷ

243 1845 358 1932 χρόνῳ,
383 1848 461 1930 όπερ
484 1847 638 1934 ἠβούλετο
652 1850 688 1912 τδ
704 1850 864 1927 πολιτικὸν,
888 1849 965 1912 ἑπτὰ
986 1849 1149 1931 παρόντων
1163 1846 1371 1932 μαρτύρωνΊ)

243 1949 293 2010 καί
316 1945 609 2032 δπυγραφύντωνθ),
633 1951 711 2029 θπερ
735 1951 905 2038 ἐπενόησαν
933 1953 964 2014 αἱ
991 1951 1162 2026 διατάξεις,
1191 1951 1241 2013 καὶ
1267 1973 1372 2034 σφρα-

196 2065 226 2116 15
244 2046 334 2130 γῑδας
348 2049 556 2130 ἐπιτιθέντων,
580 2053 659 2137 ὅπερ
682 2054 699 2116 δ
720 2051 858 2136 ηταόίωτ
880 2053 1043 2139 ἠβούλετο,
1067 2054 1086 2140 ή
1109 2052 1243 2140 διαθήκη
1259 2051 1369 2138 δηλοῦ·

246 2155 335 2217 ram)
389 2153 468 2228 ῶςτε
490 2151 545 2218 οὖν
568 2155 707 2240 σήμερον
734 2157 764 2218 αῖ
796 2154 943 2242 διαθῆκαι
971 2155 1007 2219 ἐκ
1035 2155 1154 2219 τούτων
1182 2159 1244 2219 τῶν
1270 2160 1370 2238 τριῶν

209 2325 211 2330 ,
245 2255 380 2339 νομίμων
402 2256 456 2342 τήν
478 2256 623 2321 σύστασιν
645 2255 777 2345 ἔχουσιν,
800 2257 834 2321 ἐκ
857 2261 910 2321 τού
933 2255 1084 2320 πολιτικοῦ
1106 2258 1239 2321 καὶτῶν
1262 2257 1369 2322 διατά-

245 2357 326 2429 ξεων
349 2359 396 2420 καλ
418 2355 474 2420 τοῦ
496 2356 707 2441 pra6t0rOS.⁹)
751 2359 785 2422 ἐκ
804 2359 863 2443 μὲν
884 2359 989 2445 γὰρῑθ)
1018 2357 1072 2424 τοῦ
1095 2359 1245 2424 πολιτικοῦ
1275 2363 1369 2424 κατά-

244 2480 329 2541 γεται
349 2463 385 2522 τδ
408 2462 617 2546 παρόντωνῃ)
638 2461 811 2547 μαρτύρων
831 2464 890 2549 μιᾷ
911 2463 977 2548 ὑφῇ
998 2466 1162 2538 συναπτῶς
1182 2463 1236 2549 τήν
1258 2461 1369 2549 διαθή·

192 2575 226 2626 20
244 2587 297 2648 κην
320 2562 524 2649 πληροῦσθαι,
548 2564 578 2625 αἱ
600 2563 635 2626 δὲ
658 2566 713 2627 τοῦ
734 2562 908 2629 ίθείύίοτοε
931 2565 980 2628 καὶ
1008 2567 1070 2627 τῶν
1098 2564 1271 2649 μαρτύρων
1294 2565 1368 2628 ύπο-

242 2668 361 2750 γραφαὶ
383 2665 417 2729 ἐκ
443 2670 505 2730 τῶν
534 2666 726 2745 διατάξεων,
757 2667 788 2728 αί
815 2666 852 2729 δὲ
878 2665 1053 2751 σφραγῖδες
1078 2669 1127 2730 καὶ
1152 2669 1171 2732 ό
1198 2667 1259 2732 τῶν
1287 2669 1368 2732 ἑπτὰ

242 2766 377 2850 ἀριθμὸς
389 2770 559 2854 μαρτύρων
581 2769 615 2831 ἐκ
639 2768 691 2832 τοὺ
713 2767 837 2856 ήδίκτου
866 2773 918 2833 τοῦ
946 2767 1127 2852 pra6t0r08.
1172 2774 1202 2835 4.
1236 2770 1266 2836 b)
1275 2770 1367 2836 Πᾶσα
1386 2786 1412 2834 4.

242 2870 279 2934 δὲ
299 2872 319 2957 ή
343 2871 466 2959 τοιαύτη
490 2872 697 2956 παραφυλακή
720 2870 772 2936 διὰ
793 2872 829 2934 τό
851 2871 1038 2954 κακουργίας
1054 2873 1152 2960 πάσης
1167 2872 1365 2959 ἀπηλλάχθαι

240 2972 297 3059 τήν
318 2976 381 3036 τῶν
402 2971 560 3060 διαθηκῶν
584 2971 702 3059 ποίησιν
725 2973 773 3036 καὶ
795 2975 909 3048 παντὸς
931 2973 1026 3051 αύτὰς
1053 2972 1240 3058 καθαρεύειν
1270 2975 1364 3041 δύλου

191 3100 224 3152 25
244 3075 279 3138 ἐκ
300 3075 472 3152 διατάξεως
495 3078 548 3138 τοῦ
576 3073 807 3158 εὐσεβεστάτου
835 3078 924 3162 ήμῶν
949 3075 1107 3158 βασιλέως
1136 3076 1363 3160 προςτέθειται,

242 3179 321 3252 ῶςτε
342 3178 439 3261 τδνῃ)
462 3176 650 3259 διαθέμενον
673 3177 770 3264 οἰκείᾳ
786 3179 869 3267 χειρὶ
896 3179 931 3241 τό
961 3182 1013 3242 τοῦ
1041 3178 1235 3265 κληρονόμου
1263 3179 1363 3264 όνομα

242 3279 379 3366 δηλῶσαι
401 3281 564 3365 γράφοντα
586 3281 633 3342 ότι
655 3279 771 3344 τόνδε
798 3279 1074 3368 ἐνεστησάμην
1102 3281 1362 3366 κληρονόμον.

245 3419 326 3425 .......
327 3420 444 3427 ----.

311 3483 333 3550 l)
351 3481 458 3538 edieton
476 3483 539 3536 Ll.:
557 3482 659 3537 ἔδικτον
679 3484 742 3539 edit.
917 3484 941 3551 δ)
959 3485 1004 3538 λιτὶ
1021 3487 1079 3537 τῶν
1098 3485 1169 3538 διαθ.
1189 3483 1231 3538 vi.
1248 3483 1295 3539 R:
1315 3488 1364 3554 τῆς

241 3566 330 3634 δ-ης.
348 3566 399 3620 Ιιῦ.
469 3569 492 3635 ⁸)
510 3586 585 3624 τουτ.
604 3569 720 3640 εἰκυνική
738 3571 837 3640 πρᾶσις
855 3570 897 3625 αδ.
915 3570 985 3624 libri.
1003 3569 1043 3625 ed.
1127 3571 1152 3634 ⁴)
1171 3569 1208 3623 M.
1227 3569 1277 3624 1.1.
1297 3570 1360 3626 Εἰς

240 3651 271 3704 F.
287 3649 374 3704 ’ταύα
393 3652 442 3721 τὴν
462 3653 533 3707 διαθ.
551 3653 650 3724 αδτήν’
667 3653 754 3710 ’ταύτ.
771 3673 796 3708 τ.
816 3654 846 3709 δ.’
866 3655 909 3710 vi.
927 3655 959 3710 R.
978 3657 1026 3726 τὴν
1045 3656 1068 3710 δ.
1086 3655 1137 3710 1¹⁶.
1228 3656 1251 3724 ⁸)
1269 3655 1361 3724 δδιωμ·

240 3735 369 3788 θύσαντα
388 3735 430 3790 vi.
449 3736 492 3805 R,
511 3738 557 3806 qui
575 3739 608 3808 ej.
628 3739 802 3809 διῶρθωσαν.
931 3742 954 3810 ⁶)
973 3741 1005 3793 δὲ
1021 3740 1064 3797 ad.
1083 3741 1125 3796 Vi.
1247 3741 1270 3806 τ)
1288 3758 1316 3805 γα
1334 3759 1361 3797 π.

240 3821 283 3874 Vi.
300 3820 333 3875 R.
442 3823 466 3888 8)
483 3823 599 3877 -ἐντων
618 3824 661 3880 vi.
798 3825 821 3892 ⁹)
839 3826 998 3897 πραιταφίου
1017 3826 1108 3882 Harm.
1238 3826 1275 3893 ¹⁰)
1292 3826 1361 3882 Add.

240 3905 345 3960 M.1.1.
365 3906 415 3959 m.
433 3906 493 3976 Epi.
512 3908 543 3963 F.
651 3912 686 3978 l1)
705 3913 759 3963 τῶν
777 3910 839 3966 add.
857 3909 919 3980 Epi.
940 3910 980 3966 vi.
999 3911 1031 3966 R.
1052 3911 1143 3966 Harm.
1282 3910 1318 3981 ¹²)
1336 3911 1361 3966 d.

241 3990 356 4044 L1.1.2.
375 3992 407 4046 F.

309 4114 338 4177 a)
356 4112 417 4181 Epi.
436 4115 478 4180 39,
495 4116 560 4182 ὅτι.
579 4113 647 4184 Epa.
665 4117 707 4183 29,
727 4119 794 4184 4sq.
813 4116 907 4171 Proeh.
925 4121 968 4186 21,
987 4121 1011 4172 4.
1029 4116 1122 4173 Ham.
1140 4119 1165 4182 ό,
1187 4119 1209 4184 1,
1228 4118 1253 4171 4.

241 4195 270 4262 b)
286 4193 379 4251 Harm.
397 4202 422 4264 ο,
443 4201 465 4266 ι,
483 4201 508 4252 ο.
525 4202 550 4254 ο.
