3096 4890
697 444 924 489 -xlv-

250 608 376 674 adrem
400 616 538 676 nostram
562 609 647 676 haud
670 629 780 692 parum
803 610 887 676 iacit.
938 611 977 673 Τὸ
1000 611 1075 674 κατὰ
1105 610 1203 687 πόδας
1224 614 1375 680 constitu·

251 727 370 793 tionum
394 736 479 794 retro
501 730 692 812 principum,
715 748 795 811 quae
822 733 853 794 in
877 728 1052 797 Iustiniano
1075 729 1189 798 Codice
1216 734 1375 798 contineu-

251 857 311 928 tur,
335 870 395 915 non
420 869 488 916 esse
510 870 530 914 a
552 851 717 916 Thalelaeo
740 852 912 917 conlectum
940 859 1012 932 post
1038 851 1189 917 scholium
1218 850 1374 916 aPitra

251 970 494 1036 eminentissimo
524 969 592 1034 uiro
616 971 733 1036 editum
756 972 838 1036 inter
860 989 967 1036 omnes
982 978 1115 1048 constat,
1140 990 1240 1053 neque
1255 979 1304 1036 est
1318 990 1375 1038 eur

224 1178 227 1187 Ι
251 1090 458 1155 coniecturam
481 1091 659 1156 Zachariaei
687 1109 705 1155 a
729 1091 916 1174 Lingentbal
942 1109 1145 1173 aspernamus
1169 1091 1374 1157 existimantis

252 1210 426 1278 uersiouem
450 1209 527 1272 κατὰ
554 1210 653 1284 πόδας
683 1212 776 1276 trium
801 1210 949 1276 Codicum
973 1212 1179 1276 Theodosiani
1203 1211 1375 1293 Hermoge-

247 1330 337 1396 niaui
358 1337 391 1394 et
412 1330 597 1416 Gregoriani
619 1333 649 1395 in
674 1331 843 1397 berutiensi
865 1331 971 1396 schola
986 1330 1083 1396 inisse
1097 1331 1269 1397 confectam
1293 1351 1376 1396 eam-

251 1467 311 1531 que
334 1468 353 1512 a
374 1449 539 1515 Thalelaeo
568 1452 599 1514 in
633 1453 854 1516 commentario
885 1469 941 1516 suo
973 1449 1162 1516 conficiendo
1193 1452 1373 1516 adhibitam.

252 1590 349 1653 quare
377 1571 411 1636 fit
434 1578 469 1636 ut
491 1572 675 1636 Thalelaeus
697 1572 789 1653 longe
812 1573 1010 1654 integriorem
1034 1577 1153 1636 textum
1176 1589 1251 1650 prae
1275 1569 1374 1636 oeulis

252 1691 400 1757 habuisse
423 1692 576 1756 uideatur.
586 1693 611 1774 ¹)

337 1809 370 1874 ls
403 1811 499 1890 igitur
532 1809 590 1874 fuit
623 1811 671 1892 (ut
700 1809 800 1891 patet)
833 1811 947 1874 aetatis
980 1808 1145 1875 Iustiniani
1177 1809 1375 1890 imperatoris

253 1948 329 2009 mos,
351 1937 387 1995 ut
409 1929 482 1995 libri
504 1949 542 1996 ex
566 1931 734 1995 berutiensi
758 1929 864 1994 schola
886 1930 1031 2009 proiecti,
1062 1948 1131 1994 cum
1163 1928 1231 1993 fieri
1256 1936 1373 2010 posset,

253 2050 291 2114 ad
314 2068 397 2115 noua
418 2051 523 2114 studia
544 2055 737 2130 aptarentur.
790 2068 870 2130 quae
897 2049 1090 2114 consuetudo
1117 2048 1241 2129 plurimi
1268 2058 1375 2112 nostra

253 2169 365 2248 refert,
394 2187 463 2232 cum
490 2167 536 2232 ita
564 2166 693 2232 traditio
720 2166 896 2232 scholarum
925 2167 992 2232 sine
1025 2168 1252 2233 intermissione
1279 2168 1376 2232 conti·

255 2296 416 2354 nuaretur.

339 2409 484 2475 Ceterum
509 2408 682 2489 hocopus,
706 2413 742 2470 ut
767 2403 804 2468 τὸ
836 2405 912 2468 κατὰ
936 2404 1033 2476 πόδας
1055 2403 1114 2468 Gai
1137 2403 1373 2471 Institutionum

254 2530 293 2594 ad
316 2548 431 2594 nouum
454 2533 573 2592 tentum
596 2526 829 2608 exprimendum
858 2526 1076 2602 reduceretur,
1105 2522 1271 2590 Iustiniani
1300 2534 1376 2591 tem·

255 2649 382 2730 poribus
405 2656 584 2728 susceptum
606 2648 702 2712 luisse
724 2647 865 2726 pluribus
888 2645 1044 2710 euincitur
1066 2646 1270 2727 argumentis.
1309 2645 1377 2709 Pri-

256 2788 338 2834 mum
362 2770 443 2834 enim
466 2769 558 2833 huius
581 2767 695 2832 aetatis
723 2768 821 2832 uerba
849 2773 981 2846 usurpat
1010 2771 1042 2831 et
1070 2767 1136 2830 eius
1165 2765 1297 2829 indolem
1328 2785 1376 2829 re

256 2892 451 2969 praesentat,
480 2903 561 2965 quac
588 2904 608 2950 a
637 2892 778 2951 ueterum
808 2883 1097 2950 iurisconsultorum
1127 2885 1276 2947 memoria
1303 2902 1378 2948 non-

256 3009 328 3071 dum
357 3004 561 3071 abhorrebat:
592 3005 780 3084 posteriores
810 3012 914 3070 autem
945 3003 1030 3084 leges
1060 3023 1098 3068 ne
1126 3004 1222 3068 uerbo
1251 3005 1376 3083 quidem

257 3126 399 3208 adtingit,
423 3145 492 3190 cum
515 3125 691 3190 uetustiora
712 3124 783 3188 iura
812 3142 1053 3189 commemorare
1082 3125 1208 3189 minime
1235 3141 1377 3204 superse·

259 3249 342 3312 deut.
366 3247 432 3311 eius
449 3248 544 3311 uerba
556 3265 575 3309 a
587 3244 751 3310 Iustiniani
765 3245 947 3327 aequalibus
963 3245 1154 3310 referuntur:
1172 3263 1244 3309 nam
1260 3243 1286 3307 si
1302 3242 1376 3324 quid

256 3367 346 3431 uideo
369 3367 449 3431 hanc
471 3363 682 3447 Paropbrasiu
707 3367 800 3429 etiam
828 3364 1070 3430 Thalelaeus
1100 3384 1175 3444 prae
1204 3364 1301 3428 oculis
1324 3364 1379 3426 ha-

256 3483 368 3566 buit.²)
413 3504 481 3548 eam
505 3493 589 3549 certe
612 3481 834 3563 Stephanus
858 3483 947 3548 nouit
970 3491 1002 3548 et
1030 3485 1108 3548 adeo
1138 3502 1249 3563 magno
1273 3483 1377 3548 studio

329 3795 349 3859 1)
369 3791 443 3859 Quae
462 3793 551 3860 opinio
565 3793 643 3846 alteri
661 3807 723 3846 sane
742 3798 785 3845 est
802 3790 986 3860 praeferenda,
1005 3790 1153 3856 (Kritisohe
1172 3790 1377 3858 Vierteljahres·

258 3875 350 3929 schrift
371 3879 409 3937 16,
423 3879 470 3929 231
482 3880 532 3944 sq.)
551 3891 585 3928 ex
598 3892 651 3944 que
663 3875 828 3929 Thalelaeus
842 3875 989 3928 uersionem
1004 3875 1102 3942 prioris
1116 3875 1221 3929 Codicis
1239 3875 1379 3928 Iustiniani

259 3969 327 4014 esset
345 3968 461 4015 secutus.
496 3961 565 4015 aller
584 3962 653 4014 enim
672 3962 762 4016 Codex
780 3977 797 4014 a
814 3961 904 4029 priore
922 3976 975 4014 non
994 3967 1048 4013 tam
1067 3962 1094 4013 in
1113 3961 1231 4028 ipsarum
1251 3959 1379 4013 constitu-

258 4049 359 4102 tionum
378 4047 455 4102 modo
483 4054 510 4101 et
532 4047 631 4114 forma,
657 4063 735 4116 qnam
759 4047 787 4100 in
811 4062 920 4101 numero
945 4054 972 4100 et
996 4046 1126 4114 qualitate
1152 4046 1273 4099 diuersus
1297 4045 1378 4098 fuisse

258 4135 372 4188 uidetur.
408 4133 447 4187 cl.
467 4133 556 4187 Const.
576 4133 714 4187 »Cordi«
735 4135 750 4202 ᾗ
769 4137 794 4188 3.
813 4137 838 4188 4.

326 4219 348 4286 2)
367 4219 407 4273 or.
426 4203 507 4274 schol.
532 4219 626 4274 curer.
651 4219 711 4272 nas.
730 4219 784 4271 nn
804 4222 837 4273 ac
855 4241 888 4266 =
906 4219 1025 4286 nneopn.
1045 4223 1068 4283 a,
1091 4222 1130 4280 m.
1150 4221 1175 4274 r.
1196 4216 1258 4272 roro.
1278 4241 1310 4264 =
1329 4219 1379 4273 rn.
