3096 4890
709 398 899 459 ..2-

237 586 386 668 γοριανοῦ
407 607 488 671 φημι
518 585 567 646 καί
587 580 824 668 Ἕρμυγενιανυύ
854 585 902 646 καί
935 584 1140 648 θευδασιανού
1175 583 1302 668 προσέτι
1329 585 1368 648 δέ

239 689 288 751 καὶ
309 686 410 750 ἄλλων
434 687 555 750 πολλῶν
577 687 760 764 διατάξεων,
786 686 817 748 αἳ
836 685 917 766 μετὰ
945 689 998 749 τὸν
1029 685 1236 749 Θεοδοσιοινδν
1258 685 1367 772 ἐτέθη-

238 813 305 869 σαν,
330 790 379 853 καλ
401 788 515 874 πολλῆς
537 785 635 874 οὐσης
650 787 682 851 ἐν
699 790 765 863 ταῖς
779 787 1009 872 ἐμφερομέναις
1026 789 1183 861 διατάξεσι
1203 792 1266 862 τοῖς
1282 789 1366 875 εἰρη-

236 893 343 975 μένοις
372 893 581 974 συντάγμασιν
608 892 833 965 ἐναντιώσεως,
861 893 878 954 ύ
908 893 1070 975 κράτιστος
1098 893 1189 976 ήμῶν
1216 891 1368 973 βασιλεὺς

204 995 295 1070 5τάς
319 995 497 1082 ἀχρήστους
517 995 567 1057 καί
588 993 724 1057 τὰαύτὰ
746 995 899 1074 λεγούσας
925 996 975 1058 καὶ
1004 994 1057 1068 τὰς
1083 999 1150 1067 ταῖς
1180 991 1366 1076 κρατούσαις

237 1095 418 1183 μαχομένας
440 1094 678 1182 περιαιρεθῆναι
699 1097 1012 1179 παρακελευσάμενος
1029 1097 1196 1179 ύμώνυμον
1218 1099 1254 1182 τῇ
1270 1096 1364 1159 αὐτοῦ

239 1197 418 1284 γαληνύτητι
448 1196 590 1262 ἐκέλευσε
626 1198 742 1284 κώδικα
775 1205 992 1285 συγγραφήναι
1004 1200 1039 1280 ¹).
1097 1197 1215 1286 ήξίωσε
1248 1199 1284 1262 δὲ
1312 1205 1366 1285 τής

239 1301 353 1376 οἰκείας
376 1298 546 1384 φροντίδος
568 1301 617 1364 καί
639 1298 677 1364 τὰ
701 1299 899 1387 ἀναρίθμητα
919 1300 982 1364 τῶν
1004 1302 1097 1364 πάλαι
1113 1306 1244 1383 νομικῶν
1259 1301 1366 1383 βιβλία

239 1406 288 1466 καὶ
310 1409 439 1488 πρᾶγμα
466 1404 570 1490 πάσης
592 1406 729 1488 κρεῖττον
752 1403 875 1478 ἐλπίδος
897 1404 1002 1489 ὥςπερ
1032 1402 1083 1467 διὰ
1105 1403 1204 1488 μέσου
1225 1403 1365 1485 βαδίζων

190 1507 222 1558 10
240 1505 396 1587 πελάγους
419 1505 496 1568 θεοῦ
530 1505 741 1589 κατώρθωσεν
769 1507 874 1592 εὐνοίᾳ
901 1510 951 1569 καὶ
981 1507 1035 1582 τὰς
1054 1505 1281 1591 εὐδοκιμούσας
1304 1509 1365 1567 τῶν

241 1608 378 1671 παλαιῶν
394 1610 521 1691 γνώμας
536 1607 569 1670 ἐν
585 1609 628 1671 ἑνί
644 1611 800 1692 συνήγαγε
812 1607 942 1693 βιβλίῳ.
976 1611 1006 1673 3.
1035 1609 1127 1672 Τοῦτο
1157 1607 1192 1670 δὲ
1215 1607 1364 1692 πράξαιέ)
1382 1621 1408 1672 3.

245 1709 455 1796 Τριβουνιανῷ
484 1712 529 1795 τῷ
557 1709 754 1793 ἐνδοξοτάτῳ
782 1711 946 1794 μαγίσιρῳ
982 1713 1030 1773 καί
1065 1711 1125 1773 ἀπὺ
1161 1709 1365 1792 κοιαιστάρων

240 1816 293 1875 τού
317 1812 404 1877 θείου
428 1812 574 1876 παλατίου
598 1811 800 1890 προσέταξεν,
824 1812 859 1874 οὐ
881 1812 954 1896 μήν,
978 1812 1055 1874 ἀλλὰ
1078 1813 1127 1874 καί
1150 1810 1294 1897 Θεοφίλῳ
1318 1813 1366 1873 καί

240 1914 402 2001 Δωροθέῳ
426 1915 577 1998 ἀνδράσιν
598 1913 801 1996 λλλοοστρίυις
824 1937 856 1978 τε
887 1916 936 1977 καί
958 1915 1199 2002 ἀντικήνσορσιν.
1243 1912 1288 1976 ῶν
1312 1914 1366 1998 τήν

190 2018 222 2068 15
240 2017 362 2082 σύνεσιν
383 2018 529 2080 ἁπάντων
551 2017 601 2079 καὶ
621 2016 676 2102 τήν
700 2015 732 2078 ἐν
756 2015 861 2096 νόμοις
882 2016 1040 2080 παίδευσιν
1072 2018 1121 2079 καὶ
1148 2019 1183 2079 τὸ
1215 2016 1285 2098 περὶ
1312 2016 1367 2090 τὰς

238 2119 398 2202 βασιλικάς
419 2117 577 2193 κελεύσεις
597 2118 778 2181 πιστότατον
801 2118 835 2182 ἐκ
857 2118 981 2182 πολλῶν
1004 2117 1139 2206 ἐλέγχων
1162 2119 1179 2180 ύ
1202 2117 1366 2193 θειότατος

240 2221 332 2304 γνούς
352 2221 503 2304 βασιλεὺς
523 2220 596 2296 τούς
619 2221 802 2307 εἰρημένους
818 2221 1093 2303 συγκαλεσάμενος
1108 2221 1329 2308 παρηγγύησεν
1337 2221 1363 2302 ³)

240 2324 350 2402 ίδικῶς,
374 2324 454 2397 ῶςτε
475 2324 554 2386 κατὰ
577 2325 631 2408 τήν
653 2324 747 2386 αὐτοῦ
772 2323 937 2386 αὐθεντίαν
967 2325 1016 2386 καί
1044 2329 1111 2398 ταῖς
1138 2325 1232 2386 αὐτοῦ
1261 2322 1366 2387 πειθο-

238 2427 353 2511 μένους
375 2424 546 2514 ὑποθήκαις
567 2426 606 2488 τὰ
627 2425 779 2489 Ιοελίθδίυ
803 2425 870 2513 ήτοι
902 2427 955 2500 τὰς
978 2427 1153 2508 εἰσαγωγὰς
1174 2431 1237 2490 τῶν
1262 2427 1365 2511 νόμων

189 2539 223 2591 20
240 2528 406 2606 συνθεῖναι,
428 2529 509 2603 ῶςτε
532 2533 596 2604 τοῖς
618 2527 700 2604 νέοις
727 2529 840 2601 ἐξεῖναι
870 2529 909 2593 τὰ
939 2534 1050 2615 πρῶτα
1078 2535 1141 2592 τῶν
1164 2530 1267 2614 νόμων
1290 2552 1365 2612 προ-

240 2632 323 2714 οίμια
350 2631 407 2694 οὐκ
433 2631 471 2702 ἐξ
502 2629 641 2716 ἀρχαίων
672 2630 786 2712 μύθων
816 2631 1074 2714 παραλαμβάνειν
1102 2631 1154 2713 (τὰ
1182 2633 1242 2717 γὰρ
1272 2632 1367 2694 πάλαι

238 2731 296 2816 μέν
311 2731 519 2818 κρατήσαντα,
543 2733 595 2793 νύν
618 2731 654 2794 δέ
677 2735 732 2818 τής
742 2733 894 2816 χρήσεως
908 2731 1128 2819 ἐκβεβλημένα
1143 2733 1366 2815 ἀναγινώσκον-

239 2854 292 2907 τες
313 2832 429 2896 ἐοίκασι
457 2837 520 2907 τοῖς
547 2831 762 2920 ἐντυγχάνουσι
789 2833 933 2916 μύθοις),
962 2833 1030 2896 ἀλλ’
1063 2834 1097 2897 ἐκ
1124 2840 1178 2920 τῆς
1205 2833 1365 2922 βασιλικῆς

239 2938 339 2999 ταῦτα
360 2936 563 3015 γινώσκοντες
585 2934 825 3020 λαμπήδονος4),
848 2939 937 3000 τοῦτο
969 2936 1027 3018 μὲν
1050 2937 1107 3013 τὰς
1128 2939 1248 3001 ἑαυτῶν
1271 2939 1366 3012 ἀκοὰς

189 3049 222 3098 25
241 3042 330 3102 τοῦτο
354 3037 390 3101 δὲ
412 3039 459 3100 καί
481 3037 537 3112 τὰς
559 3036 690 3124 φυχὰςῦ)
711 3038 811 3124 μηδὲν
834 3036 994 3124 ἄχρηστον
1014 3038 1097 3125 μηδὲ
1128 3041 1193 3126 είκή
1216 3040 1364 3125 κείμενον,

240 3138 311 3202 ἀλλ’
333 3141 413 3223 ύπερ
436 3137 481 3200 δι’
505 3138 600 3224 αὐτῆς
621 3141 685 3201 τῶν
707 3131 899 3224 πραγμάτων
922 3139 1019 3227 ἰσχύει
1041 3145 1098 3228 της
1113 3142 1222 3228 πείρας
1242 3142 1364 3225 μανθά-

240 3266 332 3307 νοιεν.
374 3242 425 3306 καί
445 3243 524 3328 ὅπερ
547 3242 672 3325 πάλαιθ)
694 3244 774 3325 μετὰ
797 3247 901 3330 τριετῆ
909 3242 935 3324 ⁷)
962 3241 1051 3326 μόλις
1068 3242 1185 3328 χρύνον
1207 3249 1271 3319 τοῖς
1293 3245 1366 3306 ἀνα-

240 3347 422 3428 γινώσκουσι
444 3344 638 3426 συνέβαινεν,
663 3336 746 3418 ώςτε
770 3344 852 3428 μετὰ
879 3344 1030 3407 τοσούτου
1054 3345 1174 3432 χρόνου
1204 3345 1366 3429 παραδρο-

238 3448 299 3534 μὴν
320 3448 494 3530 βασιλικαῖς
516 3446 710 3534 ἐντυγχάνειν
727 3446 895 3523 διατάξεσι,
919 3449 1007 3510 τοῦτο
1034 3451 1086 3509 νῦν
1108 3447 1147 3519 ἐξ
1167 3447 1279 3524 αὐτῶν,
1303 3439 1365 3520 ῶς-

188 3573 224 3623 30
241 3572 299 3633 περ
321 3551 425 3629 εἰπεῖν,
441 3555 504 3613 τῶν
520 3551 711 3634 πραγμάτων
734 3547 922 3631 ἐφάπτονται
948 3547 1099 3634 τοσαύτης
1114 3548 1303 3622 ἀξιωθέντες
1326 3573 1365 3610 τι·

238 3656 301 3736 μής
330 3652 377 3715 καὶ
405 3651 558 3738 τοσαύτης
588 3649 822 3726 ἀπολαύσαντες
851 3648 999 3738 εὐτυχίας,
1029 3643 1116 3725 ώςτε
1141 3654 1193 3715 καὶ
1221 3653 1273 3738 τήν
1303 3657 1365 3714 τῶν

241 3753 344 3837 νάμων
367 3754 466 3842 ἀρχήν
487 3756 536 3817 καί
559 3754 593 3815 τδ
617 3752 717 3836 πέρας
739 3758 795 3840 τής
815 3753 934 3816 τούτων
957 3753 1157 3829 διδασκαλίας
1184 3755 1245 3818 ἀπὸ
1273 3754 1364 3837 βασι-

240 3855 325 3942 λικης
346 3855 451 3931 αὐτοῖς
473 3854 698 3939 προσγίνεσθαι
720 3861 840 3942 φωνής.
893 3854 1069 3918 συντίθεται
1096 3859 1157 3939 γὰρ
1181 3857 1285 3921 καὶτὸ
1308 3881 1365 3920 πα-

310 4026 334 4089 1)
352 4024 415 4079 κωδ.
436 4025 473 4078 ἐκ.
492 4023 523 4078 F.
559 4025 602 4088 δμ.
621 4041 644 4077 τ.
664 4041 689 4076 α.
707 4039 732 4090 γ.
751 4023 841 4077 infin.
859 4024 949 4077 habet.
969 4022 1002 4078 R.
1103 4023 1126 4084 λ)
1145 4023 1195 4077 Ll.
1214 4023 1262 4077 L².
1275 4024 1306 4078 F.
1320 4025 1363 4082 ed.

241 4121 340 4162 omnes.
359 4108 468 4176 πράξας
486 4109 519 4163 R.
631 4109 654 4178 ³)
672 4110 720 4162 Ll.
744 4109 794 4165 12⁹.
822 4109 1004 4180 παρήγγειλεν
1029 4109 1060 4164 F.
1082 4111 1116 4165 R.
1228 4109 1251 4176 4)
1269 4116 1318 4180 τῆς
1335 4112 1363 4175 β.

240 4194 322 4256 λαμπ.
340 4209 364 4247 τ.
382 4210 407 4260 γ.
426 4192 458 4249 F.
477 4193 510 4247 R.
612 4196 635 4261 ⁶)
653 4195 784 4263 τέρπουσι
807 4210 951 4264 perperam
976 4194 1027 4248 ins.
1051 4195 1100 4248 12².
1203 4195 1226 4261 ὅ)
1245 4192 1294 4248 Ll.
1312 4194 1363 4248 L2.

241 4278 334 4348 πρῴην
353 4278 385 4332 F.
403 4277 436 4332 R.
538 4281 560 4348 ἵ)
576 4279 617 4333 ita
634 4279 695 4333 libri
712 4294 813 4343 omnes,
831 4295 900 4348 quos
919 4279 1032 4334 contuli:
1051 4283 1190 4349 τετραετῆ
1209 4295 1259 4334 em,
1277 4279 1309 4333 F.
1326 4275 1360 4328 R.
