3058 4890
599 424 642 436 -
685 389 831 453 226-

156 572 321 638 testatoris
343 576 452 640 mortis
474 581 598 658 tempus
621 574 816 657 inquirimus,
839 583 888 642 set
910 564 1098 644 condicionis
1117 589 1275 645 euentum

156 701 207 757 set
228 693 264 769 si,
287 713 356 759 cum
379 693 521 760 condicio
544 697 698 774 extiterit,
726 695 850 764 Stichus
877 704 932 763 aut
957 695 1037 763 liber
1062 705 1118 763 aut
1145 693 1274 764 alterius

156 831 307 892 personae
323 832 434 878 seruus
450 816 518 893 erit,
535 815 653 881 ualebit
668 815 821 898 legatum:
844 817 1010 883 sinautem
1025 817 1100 882 mihi
1115 817 1275 884 subiectus

155 935 227 1010 erit,
263 933 373 998 inutile
406 933 467 1001 erit
503 935 649 1017 legatum.
712 944 761 1001 set
791 934 868 1000 haee
896 936 1090 1018 quorundam
1118 937 1275 1003 sententia

155 1061 222 1118 est:
246 1052 297 1118 ius
319 1073 395 1120 uero
417 1072 479 1135 quo
501 1055 620 1120 utimur
641 1055 792 1122 eiusmodi
815 1063 872 1122 ast.
921 1056 953 1120 in
982 1055 1093 1137 legatis
1122 1057 1180 1122 sub
1203 1075 1275 1123 eon·
1307 1067 1325 1119 6

156 1174 276 1239 dicione
306 1173 423 1239 relictis
449 1193 560 1239 uerum
590 1177 748 1256 estquod
776 1176 924 1252 diximus,
953 1174 1177 1256 inspiciendum
1205 1195 1273 1240 esse

157 1292 346 1357 condicionis
368 1301 529 1374 euentum;
552 1295 583 1357 in
606 1295 693 1377 puris
717 1313 791 1358 uero
818 1295 858 1360 ab
886 1293 976 1360 initio
1005 1295 1141 1374 legatum
1163 1291 1274 1359 inutile

155 1423 202 1476 est
224 1421 354 1493 propter
368 1411 496 1478 Catonis
512 1414 660 1494 regulam,
677 1432 758 1495 quae
773 1415 829 1479 ait:
844 1414 948 1494 legata
969 1415 1081 1492 omnia,
1105 1432 1185 1496 quae
1206 1412 1273 1477 inu·

155 1531 223 1596 tilia
245 1531 348 1597 forent
362 1533 388 1596 ai
403 1541 537 1598 testator
556 1533 661 1598 statim
678 1542 749 1614 post
763 1540 982 1598 testamentum
1006 1533 1163 1598 conditum
1186 1533 1273 1598 dece

158 1653 255 1728 deret,
281 1671 341 1716 nun
364 1653 434 1717 ideo
464 1650 649 1730 confirmari,
675 1655 748 1734 quia
771 1659 842 1734 post
865 1658 1084 1718 testamentum
1114 1652 1272 1718 conditum
1292 1671 1325 1722 10

155 1778 278 1850 tempus
300 1772 426 1852 aliquod
449 1773 641 1854 superuiuat,
664 1774 710 1837 ita
731 1779 767 1836 ut
788 1772 896 1839 heredi
923 1771 1013 1854 copia
1042 1777 1189 1853 suppetat
1211 1769 1270 1836 Sti·

155 1892 247 1954 ehum
270 1893 507 1957 manumittendi
532 1890 582 1957 uel
604 1890 770 1956 alienandi.
816 1892 842 1956 si
869 1892 949 1956 enim
977 1891 1082 1956 statim
1112 1898 1184 1972 post
1204 1910 1272 1973 per·

153 2011 268 2076 iactum
301 2016 521 2076 testamentum
543 2011 729 2076 decessisset
764 2018 912 2088 testator,
945 2027 1055 2076 seruus
1089 2010 1119 2075 in
1149 2011 1272 2076 heredis

100 2145 146 2196 33.
156 2136 313 2212 potestate
335 2138 419 2197 esset
440 2132 596 2199 inuentus.
640 2131 690 2194 33.
714 2131 794 2210 Quid
818 2139 923 2197 antem
945 2129 972 2195 si
995 2150 1032 2195 ex
1054 2132 1179 2195 diuerso
1201 2131 1271 2210 quis

155 2251 290 2315 moriens
312 2269 438 2316 seruum
461 2269 564 2315 meum
587 2251 731 2316 heredem
753 2249 900 2327 instituit,
927 2249 1002 2314 mihi
1030 2258 1134 2315 autem
1165 2250 1204 2314 ab
1234 2269 1322 2328 0015

158 2370 296 2450 legatum
325 2369 471 2449 reliquit?
502 2371 560 2435 hoe
588 2389 662 2434 nasu
692 2389 753 2435 non
784 2377 833 2434 est
860 2369 1078 2450 ambigendum
1106 2369 1271 2451 quominus

153 2490 295 2570 legatum
323 2491 436 2554 ualeat.
486 2508 557 2554 uam
584 2488 611 2553 si
640 2497 712 2571 pust
744 2495 964 2554 testamentum
994 2487 1110 2553 iactum
1137 2495 1271 2554 testator
1319 2525 1321 2532 ·

154 2611 333 2688 decederet,
367 2629 427 2675 uon
462 2612 588 2674 eederet
623 2610 706 2690 apud
738 2606 884 2673 heredem
920 2607 987 2673 dies
1023 2607 1128 2688 legati.
1180 2625 1270 2690 supe·

152 2730 236 2795 riore
265 2749 356 2807 nasu,
386 2747 448 2810 quo
477 2730 568 2795 heres
596 2737 664 2794 erat
691 2729 849 2808 dominus,
877 2729 1046 2808 legatarius
1073 2735 1177 2793 autem
1206 2745 1271 2792 ser-

153 2869 223 2923 uus,
245 2848 383 2930 legatum
405 2867 496 2914 seruo
527 2846 664 2914 delatum
694 2849 800 2913 statim
831 2845 956 2912 domino
984 2848 1207 2927 quaerebatur:
1238 2847 1269 2911 iu
1286 2862 1322 2914 20

151 2969 210 3034 hoc
237 2980 341 3034 autem
368 2989 442 3034 casu
469 2971 578 3052 nequit
605 2969 665 3034 diei
694 2969 831 3046 legatum
859 2968 982 3032 domino
1011 2965 1149 3032 delatum
1176 2983 1268 3032 seruo

46 3089 49 3096 '
150 3087 258 3154 heredi
281 3089 426 3155 instituto
449 3089 624 3171 quaesitum
652 3089 699 3153 iri.
749 3088 799 3153 hic
826 3087 908 3152 enim
936 3086 1093 3152 hereditas
1121 3087 1268 3176 alegate

153 3207 366 3288 distinguitur,
390 3229 458 3275 eum
482 3209 561 3274 alius
584 3209 682 3290 possit
708 3226 765 3290 per
793 3207 875 3274 hune
902 3205 1042 3274 Stichum
1072 3208 1162 3272 heres
1190 3203 1268 3269 fieri.

152 3325 180 3391 si
202 3325 301 3407 igitur
322 3335 491 3410 autequam
511 3328 637 3394 iubeam
664 3347 735 3393 eum
765 3326 851 3392 adire
879 3325 1017 3406 mihique
1044 3343 1195 3408 quaerere
1217 3323 1268 3388 he·

152 3446 328 3526 ruditatem,
351 3449 380 3511 in
404 3445 534 3513 alterius
556 3454 751 3540 potestatem·
765 3445 807 3540 sit
833 3444 1018 3524 translatus
1041 3464 1122 3511 nouo
1144 3443 1268 3510 domiuo
1284 3465 1319 3518 25

152 3575 297 3650 quaeret3
321 3567 347 3632 si
370 3586 445 3633 uero
460 3569 668 3633 manumissus
691 3567 800 3644 fuerit,
819 3566 945 3633 sibimet
964 3565 1032 3646 ipse
1054 3565 1161 3632 adiens
1180 3564 1268 3630 here·
