<?xml version="1.0" encoding="UTF-8"?>
<!DOCTYPE html PUBLIC "-//W3C//DTD XHTML 1.0 Transitional//EN"
    "http://www.w3.org/TR/xhtml1/DTD/xhtml1-transitional.dtd">
<html xmlns="http://www.w3.org/1999/xhtml" xml:lang="en" lang="en">
 <head>
  <title>
</title>
<meta http-equiv="Content-Type" content="text/html;charset=utf-8" />
  <meta name='ocr-system' content='tesseract 3.04.00' />
  <meta name='ocr-capabilities' content='ocr_page ocr_carea ocr_par ocr_line ocrx_word'/>
</head>
<body>
  <div class='ocr_page' id='page_1' title='image "./institutionumgr00linggoog_0342.png"; bbox 0 0 3078 4882; ppageno 0'>
   <div class='ocr_carea' id='block_1_1' title="bbox 690 401 923 477">
    <p class='ocr_par' dir='ltr' id='par_1_1' title="bbox 690 401 923 477">
     <span class='ocr_line' id='line_1_1' title="bbox 690 401 923 477; baseline 0 -1"><span class='ocrx_word' id='word_1_1' title='bbox 690 401 923 477; x_wconf 62' lang='lat' dir='ltr'>-lssssu</span> 
     </span>
    </p>
   </div>
   <div class='ocr_carea' id='block_1_2' title="bbox 206 583 1426 3560">
    <p class='ocr_par' dir='ltr' id='par_1_2' title="bbox 206 583 1426 3560">
     <span class='ocr_line' id='line_1_2' title="bbox 247 583 1378 684; baseline -0.004 -22"><span class='ocrx_word' id='word_1_2' title='bbox 247 600 332 682; x_wconf 71' lang='grc' dir='ltr'><em>Ι’πρὸς</em></span> <span class='ocrx_word' id='word_1_3' title='bbox 354 597 543 682; x_wconf 61' lang='lat' dir='ltr'><em>&#39;emmeno‘</em></span> <span class='ocrx_word' id='word_1_4' title='bbox 569 595 677 684; x_wconf 66' lang='lat' dir='ltr'><em>daed»)</em></span> <span class='ocrx_word' id='word_1_5' title='bbox 698 597 759 683; x_wconf 69' lang='grc' dir='ltr'><em>γορ</em></span> <span class='ocrx_word' id='word_1_6' title='bbox 780 583 883 684; x_wconf 72' lang='grc' dir='ltr'><em>ἄδηλα</em></span> <span class='ocrx_word' id='word_1_7' title='bbox 904 595 1018 682; x_wconf 77' lang='grc' dir='ltr'><em>ταιῆς</em></span> <span class='ocrx_word' id='word_1_8' title='bbox 1039 595 1257 681; x_wconf 69' lang='grc' dir='ltr'><em>ὑποστροφῆς,</em></span> <span class='ocrx_word' id='word_1_9' title='bbox 1279 593 1378 658; x_wconf 60' lang='grc' dir='ltr'><em>διατι</em></span> 
     </span>
     <span class='ocr_line' id='line_1_3' title="bbox 254 693 1380 785; baseline -0.004 -21"><span class='ocrx_word' id='word_1_10' title='bbox 254 699 380 782; x_wconf 79' lang='grc' dir='ltr'><em>θέμενοι</em></span> <span class='ocrx_word' id='word_1_11' title='bbox 401 699 588 785; x_wconf 60' lang='grc' dir='ltr'><em>πρότερσνῑ)</em></span> <span class='ocrx_word' id='word_1_12' title='bbox 611 698 712 776; x_wconf 83' lang='grc' dir='ltr'><em>οότως</em></span> <span class='ocrx_word' id='word_1_13' title='bbox 733 700 861 785; x_wconf 79' lang='grc' dir='ltr'><em>ὥρμουν</em></span> <span class='ocrx_word' id='word_1_14' title='bbox 881 697 930 762; x_wconf 79' lang='grc' dir='ltr'><em>ἐπί</em></span> <span class='ocrx_word' id='word_1_15' title='bbox 952 700 1006 762; x_wconf 79' lang='grc' dir='ltr'><em>τὸν</em></span> <span class='ocrx_word' id='word_1_16' title='bbox 1029 695 1174 778; x_wconf 76' lang='grc' dir='ltr'><em>πόλεμον.</em></span> <span class='ocrx_word' id='word_1_17' title='bbox 1211 693 1312 760; x_wconf 75' lang='grc' dir='ltr'><em>ὄντων</em></span> <span class='ocrx_word' id='word_1_18' title='bbox 1333 694 1380 760; x_wconf 73' lang='grc' dir='ltr'><em>δὲ</em></span> 
     </span>
     <span class='ocr_line' id='line_1_4' title="bbox 253 792 1377 886; baseline -0.003 -21"><span class='ocrx_word' id='word_1_19' title='bbox 253 801 371 866; x_wconf 87' lang='grc' dir='ltr'><em>τούτων</em></span> <span class='ocrx_word' id='word_1_20' title='bbox 382 792 444 864; x_wconf 76' lang='grc' dir='ltr'><em>τῶν</em></span> <span class='ocrx_word' id='word_1_21' title='bbox 456 800 513 866; x_wconf 86' lang='grc' dir='ltr'><em>δύο</em></span> <span class='ocrx_word' id='word_1_22' title='bbox 524 800 634 884; x_wconf 83' lang='grc' dir='ltr'><em>γενῶν,</em></span> <span class='ocrx_word' id='word_1_23' title='bbox 645 801 807 886; x_wconf 76' lang='grc' dir='ltr'><em>συνέβαινέ</em></span> <span class='ocrx_word' id='word_1_24' title='bbox 816 823 900 877; x_wconf 88' lang='grc' dir='ltr'><em>τινας</em></span> <span class='ocrx_word' id='word_1_25' title='bbox 911 798 1077 885; x_wconf 77' lang='grc' dir='ltr'><em>δφνιδίφ’)</em></span> <span class='ocrx_word' id='word_1_26' title='bbox 1089 797 1217 882; x_wconf 84' lang='grc' dir='ltr'><em>θανάτῳ</em></span> <span class='ocrx_word' id='word_1_27' title='bbox 1227 819 1377 886; x_wconf 78' lang='grc' dir='ltr'><em>κατεσχε-</em></span> 
     </span>
     <span class='ocr_line' id='line_1_5' title="bbox 255 899 1380 998; baseline -0.002 -34"><span class='ocrx_word' id='word_1_28' title='bbox 255 902 367 980; x_wconf 84' lang='grc' dir='ltr'><em>θέντας</em></span> <span class='ocrx_word' id='word_1_29' title='bbox 380 901 568 978; x_wconf 81' lang='grc' dir='ltr'><em>’ἀδιαθέτσυς</em></span> <span class='ocrx_word' id='word_1_30' title='bbox 583 904 737 998; x_wconf 77' lang='grc' dir='ltr'><em>τελειρτᾶν,</em></span> <span class='ocrx_word' id='word_1_31' title='bbox 753 901 826 966; x_wconf 83' lang='grc' dir='ltr'><em>οὔτε</em></span> <span class='ocrx_word' id='word_1_32' title='bbox 842 903 902 988; x_wconf 85' lang='grc' dir='ltr'><em>γὰρ</em></span> <span class='ocrx_word' id='word_1_33' title='bbox 916 901 1030 967; x_wconf 77' lang='lat' dir='ltr'><strong>calatis</strong></span> <span class='ocrx_word' id='word_1_34' title='bbox 1044 899 1179 967; x_wconf 75' lang='lat' dir='ltr'><strong>comitiis</strong></span> <span class='ocrx_word' id='word_1_35' title='bbox 1200 899 1380 964; x_wconf 71' lang='grc' dir='ltr'><em>διετίθεντο</em></span> 
     </span>
     <span class='ocr_line' id='line_1_6' title="bbox 219 993 1375 1092; baseline -0.002 -25"><span class='ocrx_word' id='word_1_36' title='bbox 219 1024 236 1074; x_wconf 83' lang='lat'>5</span> <span class='ocrx_word' id='word_1_37' title='bbox 254 993 304 1068; x_wconf 85' lang='grc' dir='ltr'><em>διιί</em></span> <span class='ocrx_word' id='word_1_38' title='bbox 327 1006 360 1069; x_wconf 89' lang='grc' dir='ltr'><em>τδ</em></span> <span class='ocrx_word' id='word_1_39' title='bbox 380 1007 476 1092; x_wconf 91' lang='grc' dir='ltr'><em>μήπω</em></span> <span class='ocrx_word' id='word_1_40' title='bbox 497 1006 656 1092; x_wconf 76' lang='grc' dir='ltr'><em>ἐπιστῆναι</em></span> <span class='ocrx_word' id='word_1_41' title='bbox 678 1008 729 1071; x_wconf 85' lang='grc' dir='ltr'><em>τὸν</em></span> <span class='ocrx_word' id='word_1_42' title='bbox 750 1008 874 1092; x_wconf 89' lang='grc' dir='ltr'><em>καιρδν,</em></span> <span class='ocrx_word' id='word_1_43' title='bbox 905 1001 978 1068; x_wconf 84' lang='grc' dir='ltr'><em>οὔτε</em></span> <span class='ocrx_word' id='word_1_44' title='bbox 1002 1002 1168 1087; x_wconf 75' lang='lat' dir='ltr'><strong>procinctu</strong></span> <span class='ocrx_word' id='word_1_45' title='bbox 1195 999 1248 1066; x_wconf 84' lang='grc' dir='ltr'><em>διὰ</em></span> <span class='ocrx_word' id='word_1_46' title='bbox 1271 1003 1375 1088; x_wconf 79' lang='grc' dir='ltr'><em>τὸμὴ</em></span> 
     </span>
     <span class='ocr_line' id='line_1_7' title="bbox 254 1101 1377 1193; baseline -0.002 -23"><span class='ocrx_word' id='word_1_47' title='bbox 254 1105 331 1171; x_wconf 85' lang='grc' dir='ltr'><em>είναι</em></span> <span class='ocrx_word' id='word_1_48' title='bbox 352 1107 499 1193; x_wconf 87' lang='grc' dir='ltr'><em>πόλεμον,</em></span> <span class='ocrx_word' id='word_1_49' title='bbox 529 1110 630 1186; x_wconf 82' lang='grc' dir='ltr'><em>ἄλλως</em></span> <span class='ocrx_word' id='word_1_50' title='bbox 656 1133 691 1175; x_wconf 90' lang='grc' dir='ltr'><em>τε</em></span> <span class='ocrx_word' id='word_1_51' title='bbox 719 1111 768 1175; x_wconf 85' lang='grc' dir='ltr'><em>καλ</em></span> <span class='ocrx_word' id='word_1_52' title='bbox 791 1105 987 1173; x_wconf 89' lang='grc' dir='ltr'><em>διατίθεσθαί</em></span> <span class='ocrx_word' id='word_1_53' title='bbox 1011 1130 1055 1184; x_wconf 89' lang='grc' dir='ltr'><em>τις</em></span> <span class='ocrx_word' id='word_1_54' title='bbox 1081 1101 1251 1189; x_wconf 61' lang='grc' dir='ltr'><em>όπαίσιονί)</em></span> <span class='ocrx_word' id='word_1_55' title='bbox 1275 1103 1377 1188; x_wconf 88' lang='grc' dir='ltr'><em>ἐνόμι-</em></span> 
     </span>
     <span class='ocr_line' id='line_1_8' title="bbox 256 1207 1382 1298; baseline -0.004 -24"><span class='ocrx_word' id='word_1_56' title='bbox 256 1211 306 1284; x_wconf 73' lang='grc' dir='ltr'><em>ζεν</em></span> <span class='ocrx_word' id='word_1_57' title='bbox 334 1210 477 1292; x_wconf 75' lang='grc' dir='ltr'><em>ὑγιαίνων</em></span> <span class='ocrx_word' id='word_1_58' title='bbox 510 1215 556 1298; x_wconf 80' lang='grc' dir='ltr'><em>τῷ</em></span> <span class='ocrx_word' id='word_1_59' title='bbox 587 1213 716 1288; x_wconf 85' lang='grc' dir='ltr'><em>σώματι.</em></span> <span class='ocrx_word' id='word_1_60' title='bbox 767 1212 818 1276; x_wconf 86' lang='grc' dir='ltr'><em>διὰ</em></span> <span class='ocrx_word' id='word_1_61' title='bbox 845 1215 934 1275; x_wconf 87' lang='grc' dir='ltr'><em>τοῦτο</em></span> <span class='ocrx_word' id='word_1_62' title='bbox 965 1207 1122 1298; x_wconf 75' lang='grc' dir='ltr'><em>ἐπενοήθη</em></span> <span class='ocrx_word' id='word_1_63' title='bbox 1149 1208 1255 1295; x_wconf 86' lang='grc' dir='ltr'><em>τρίτον</em></span> <span class='ocrx_word' id='word_1_64' title='bbox 1283 1207 1382 1290; x_wconf 86' lang='grc' dir='ltr'><em>γένος</em></span> 
     </span>
     <span class='ocr_line' id='line_1_9' title="bbox 254 1311 1376 1398; baseline -0.002 -22"><span class='ocrx_word' id='word_1_65' title='bbox 254 1314 333 1398; x_wconf 86' lang='grc' dir='ltr'><em>όπερ</em></span> <span class='ocrx_word' id='word_1_66' title='bbox 355 1313 479 1396; x_wconf 86' lang='grc' dir='ltr'><em>ἐλέγετο</em></span> <span class='ocrx_word' id='word_1_67' title='bbox 501 1334 559 1397; x_wconf 83' lang='lat' dir='ltr'><em>per</em></span> <span class='ocrx_word' id='word_1_68' title='bbox 580 1333 635 1380; x_wconf 77' lang='lat' dir='ltr'><em>aes</em></span> <span class='ocrx_word' id='word_1_69' title='bbox 659 1319 692 1380; x_wconf 75' lang='lat' dir='ltr'><em>et</em></span> <span class='ocrx_word' id='word_1_70' title='bbox 712 1314 843 1380; x_wconf 80' lang='lat' dir='ltr'><strong>libram·</strong></span> <span class='ocrx_word' id='word_1_71' title='bbox 865 1313 981 1396; x_wconf 81' lang='grc' dir='ltr'><em>ἐγίνετο</em></span> <span class='ocrx_word' id='word_1_72' title='bbox 1008 1313 1069 1397; x_wconf 82' lang='grc' dir='ltr'><em>γὰρ</em></span> <span class='ocrx_word' id='word_1_73' title='bbox 1091 1314 1169 1377; x_wconf 85' lang='grc' dir='ltr'><em>κατὰ</em></span> <span class='ocrx_word' id='word_1_74' title='bbox 1191 1311 1376 1393; x_wconf 73' lang='lat' dir='ltr'><strong>emancipa-</strong></span> 
     </span>
     <span class='ocr_line' id='line_1_10' title="bbox 254 1411 1375 1504; baseline -0.004 -26"><span class='ocrx_word' id='word_1_75' title='bbox 254 1413 351 1482; x_wconf 78' lang='lat' dir='ltr'><strong>tiona.</strong></span> <span class='ocrx_word' id='word_1_76' title='bbox 394 1416 635 1499; x_wconf 72' lang='lat' dir='ltr'><strong>emancipatiwn</strong></span> <span class='ocrx_word' id='word_1_77' title='bbox 658 1417 694 1481; x_wconf 91' lang='grc' dir='ltr'><em>δέ</em></span> <span class='ocrx_word' id='word_1_78' title='bbox 717 1418 797 1482; x_wconf 87' lang='grc' dir='ltr'><em>ἐστιν</em></span> <span class='ocrx_word' id='word_1_79' title='bbox 825 1417 953 1504; x_wconf 88' lang='grc' dir='ltr'><em>είκσνική</em></span> <span class='ocrx_word' id='word_1_80' title='bbox 983 1421 1112 1500; x_wconf 77' lang='grc' dir='ltr'><em>πρᾶσιν,</em></span> <span class='ocrx_word' id='word_1_81' title='bbox 1141 1414 1313 1499; x_wconf 78' lang='grc' dir='ltr'><em>ἐτράπετο</em></span> <span class='ocrx_word' id='word_1_82' title='bbox 1335 1411 1375 1475; x_wconf 85' lang='grc' dir='ltr'><em>δὲ</em></span> 
     </span>
     <span class='ocr_line' id='line_1_11' title="bbox 206 1515 1379 1606; baseline -0.003 -23"><span class='ocrx_word' id='word_1_83' title='bbox 206 1530 239 1583; x_wconf 88' lang='grc'><em>10</em></span> <span class='ocrx_word' id='word_1_84' title='bbox 257 1515 365 1584; x_wconf 75' lang='grc' dir='ltr'><em>τοῦτον</em></span> <span class='ocrx_word' id='word_1_85' title='bbox 386 1524 439 1583; x_wconf 88' lang='grc' dir='ltr'><em>τὸν</em></span> <span class='ocrx_word' id='word_1_86' title='bbox 461 1521 621 1606; x_wconf 63' lang='grc' dir='ltr'><em>τρίπουν)</em></span> <span class='ocrx_word' id='word_1_87' title='bbox 674 1521 880 1604; x_wconf 82' lang='grc' dir='ltr'><em>παρεγένοντο</em></span> <span class='ocrx_word' id='word_1_88' title='bbox 903 1519 993 1584; x_wconf 85' lang='grc' dir='ltr'><em>πέντε</em></span> <span class='ocrx_word' id='word_1_89' title='bbox 1020 1519 1182 1604; x_wconf 83' lang='grc' dir='ltr'><em>μάρτυρες</em></span> <span class='ocrx_word' id='word_1_90' title='bbox 1211 1517 1259 1580; x_wconf 79' lang='grc' dir='ltr'><em>καί</em></span> <span class='ocrx_word' id='word_1_91' title='bbox 1288 1516 1379 1596; x_wconf 81' lang='grc' dir='ltr'><em>ζυγο-</em></span> 
     </span>
     <span class='ocr_line' id='line_1_12' title="bbox 257 1617 1376 1708; baseline -0.004 -24"><span class='ocrx_word' id='word_1_92' title='bbox 257 1622 371 1706; x_wconf 85' lang='grc' dir='ltr'><em>στότης</em></span> <span class='ocrx_word' id='word_1_93' title='bbox 403 1622 519 1685; x_wconf 84' lang='grc' dir='ltr'><em>πολῖται</em></span> <span class='ocrx_word' id='word_1_94' title='bbox 543 1624 679 1708; x_wconf 78' lang='grc' dir='ltr'><em>ρωμαίυι</em></span> <span class='ocrx_word' id='word_1_95' title='bbox 708 1621 825 1707; x_wconf 78' lang='grc' dir='ltr'><em>ἔφηβοι</em></span> <span class='ocrx_word' id='word_1_96' title='bbox 852 1623 900 1687; x_wconf 92' lang='grc' dir='ltr'><em>καί</em></span> <span class='ocrx_word' id='word_1_97' title='bbox 927 1620 1089 1704; x_wconf 82' lang='grc' dir='ltr'><em>παρόντων</em></span> <span class='ocrx_word' id='word_1_98' title='bbox 1116 1620 1220 1683; x_wconf 81' lang='grc' dir='ltr'><em>αὐτῶν</em></span> <span class='ocrx_word' id='word_1_99' title='bbox 1248 1617 1376 1694; x_wconf 84' lang='grc' dir='ltr'><em>ἐκεῖνος,</em></span> 
     </span>
     <span class='ocr_line' id='line_1_13' title="bbox 256 1721 1376 1813; baseline -0.004 -29"><span class='ocrx_word' id='word_1_100' title='bbox 256 1723 291 1798; x_wconf 85' lang='grc' dir='ltr'><em>δς</em></span> <span class='ocrx_word' id='word_1_101' title='bbox 311 1722 424 1810; x_wconf 78' lang='grc' dir='ltr'><em>ἤμελλε</em></span> <span class='ocrx_word' id='word_1_102' title='bbox 446 1723 584 1804; x_wconf 91' lang='grc' dir='ltr'><em>γίνεσθαι</em></span> <span class='ocrx_word' id='word_1_103' title='bbox 609 1724 757 1813; x_wconf 75' lang='grc' dir='ltr'><em>διάδοχος</em></span> <span class='ocrx_word' id='word_1_104' title='bbox 785 1727 838 1787; x_wconf 85' lang='grc' dir='ltr'><em>τσῦ</em></span> <span class='ocrx_word' id='word_1_105' title='bbox 865 1724 1127 1810; x_wconf 89' lang='grc' dir='ltr'><em>τελευτήσαντος,</em></span> <span class='ocrx_word' id='word_1_106' title='bbox 1153 1722 1293 1811; x_wconf 77' lang='grc' dir='ltr'><em>ἠγόραζε</em></span> <span class='ocrx_word' id='word_1_107' title='bbox 1320 1721 1376 1806; x_wconf 85' lang='grc' dir='ltr'><em>τήν</em></span> 
     </span>
     <span class='ocr_line' id='line_1_14' title="bbox 257 1824 1378 1913; baseline -0.001 -26"><span class='ocrx_word' id='word_1_108' title='bbox 257 1827 311 1888; x_wconf 83' lang='grc' dir='ltr'><em>τοῦ</em></span> <span class='ocrx_word' id='word_1_109' title='bbox 330 1824 497 1908; x_wconf 88' lang='grc' dir='ltr'><em>μέλλοντος</em></span> <span class='ocrx_word' id='word_1_110' title='bbox 519 1827 664 1890; x_wconf 84' lang='grc' dir='ltr'><em>τελευτᾶν</em></span> <span class='ocrx_word' id='word_1_111' title='bbox 686 1827 862 1911; x_wconf 85' lang='grc' dir='ltr'><em>περιουσίαν</em></span> <span class='ocrx_word' id='word_1_112' title='bbox 884 1826 984 1908; x_wconf 87' lang='grc' dir='ltr'><em>λέγων</em></span> <span class='ocrx_word' id='word_1_113' title='bbox 1008 1827 1073 1889; x_wconf 87' lang='grc' dir='ltr'><em>τινὰ</em></span> <span class='ocrx_word' id='word_1_114' title='bbox 1098 1827 1227 1913; x_wconf 78' lang='grc' dir='ltr'><em>ῥήματα</em></span> <span class='ocrx_word' id='word_1_115' title='bbox 1257 1824 1378 1901; x_wconf 84' lang='grc' dir='ltr'><em>τυπικδ,</em></span> 
     </span>
     <span class='ocr_line' id='line_1_15' title="bbox 256 1926 1380 2015; baseline 0.002 -25"><span class='ocrx_word' id='word_1_116' title='bbox 256 1927 277 1990; x_wconf 83' lang='grc' dir='ltr'><em>δ</em></span> <span class='ocrx_word' id='word_1_117' title='bbox 300 1926 352 1991; x_wconf 85' lang='grc' dir='ltr'><em>νῦν</em></span> <span class='ocrx_word' id='word_1_118' title='bbox 374 1930 514 2015; x_wconf 88' lang='grc' dir='ltr'><em>περιττόν</em></span> <span class='ocrx_word' id='word_1_119' title='bbox 536 1930 599 1994; x_wconf 90' lang='grc' dir='ltr'><em>ἐστι</em></span> <span class='ocrx_word' id='word_1_120' title='bbox 620 1930 719 2012; x_wconf 88' lang='grc' dir='ltr'><em>λέγειν</em></span> <span class='ocrx_word' id='word_1_121' title='bbox 741 1931 789 1993; x_wconf 86' lang='grc' dir='ltr'><em>καί</em></span> <span class='ocrx_word' id='word_1_122' title='bbox 816 1928 961 1994; x_wconf 75' lang='grc' dir='ltr'><em>ἐπεδίδου</em></span> <span class='ocrx_word' id='word_1_123' title='bbox 989 1929 1072 2014; x_wconf 86' lang='grc' dir='ltr'><em>λόγῳ</em></span> <span class='ocrx_word' id='word_1_124' title='bbox 1101 1929 1271 2013; x_wconf 70' lang='grc' dir='ltr'><em>τιμήματος</em></span> <span class='ocrx_word' id='word_1_125' title='bbox 1298 1927 1380 1992; x_wconf 85' lang='grc' dir='ltr'><em>ελκσ·</em></span> 
     </span>
     <span class='ocr_line' id='line_1_16' title="bbox 207 2027 1377 2120; baseline 0.003 -28"><span class='ocrx_word' id='word_1_126' title='bbox 207 2047 239 2100; x_wconf 72' lang='lat'><em>15</em></span> <span class='ocrx_word' id='word_1_127' title='bbox 257 2033 340 2093; x_wconf 85' lang='grc' dir='ltr'><em>νικσῦ</em></span> <span class='ocrx_word' id='word_1_128' title='bbox 362 2027 497 2115; x_wconf 84' lang='grc' dir='ltr'><em>νυῦμμυν</em></span> <span class='ocrx_word' id='word_1_129' title='bbox 518 2037 564 2117; x_wconf 82' lang='grc' dir='ltr'><em>τῷ</em></span> <span class='ocrx_word' id='word_1_130' title='bbox 586 2033 720 2120; x_wconf 75' lang='grc' dir='ltr'><em>δεσπότῃ</em></span> <span class='ocrx_word' id='word_1_131' title='bbox 742 2036 799 2120; x_wconf 86' lang='grc' dir='ltr'><em>τής</em></span> <span class='ocrx_word' id='word_1_132' title='bbox 822 2032 1038 2119; x_wconf 54' lang='grc' dir='ltr'><em>περιουσίαςό)</em></span> <span class='ocrx_word' id='word_1_133' title='bbox 1059 2033 1109 2096; x_wconf 85' lang='grc' dir='ltr'><em>καί</em></span> <span class='ocrx_word' id='word_1_134' title='bbox 1130 2031 1253 2114; x_wconf 86' lang='grc' dir='ltr'><em>ἐλέγετο</em></span> <span class='ocrx_word' id='word_1_135' title='bbox 1269 2031 1286 2094; x_wconf 91' lang='grc' dir='ltr'><em>ό</em></span> <span class='ocrx_word' id='word_1_136' title='bbox 1303 2031 1377 2112; x_wconf 80' lang='grc' dir='ltr'><em>ἀγα·</em></span> 
     </span>
     <span class='ocr_line' id='line_1_17' title="bbox 255 2131 1379 2224; baseline 0.002 -28"><span class='ocrx_word' id='word_1_137' title='bbox 255 2132 363 2214; x_wconf 76' lang='grc' dir='ltr'><em>ριίζων</em></span> <span class='ocrx_word' id='word_1_138' title='bbox 385 2131 649 2224; x_wconf 57' lang='grc' dir='ltr'><em>ίααιίλίέωρίωιὸ)</em></span> <span class='ocrx_word' id='word_1_139' title='bbox 673 2137 722 2199; x_wconf 85' lang='grc' dir='ltr'><em>καί</em></span> <span class='ocrx_word' id='word_1_140' title='bbox 742 2138 845 2200; x_wconf 87' lang='grc' dir='ltr'><em>λσιπδν</em></span> <span class='ocrx_word' id='word_1_141' title='bbox 868 2138 885 2199; x_wconf 91' lang='grc' dir='ltr'><em>ό</em></span> <span class='ocrx_word' id='word_1_142' title='bbox 909 2133 1031 2219; x_wconf 83' lang='grc' dir='ltr'><em>μέλλων</em></span> <span class='ocrx_word' id='word_1_143' title='bbox 1058 2135 1202 2200; x_wconf 84' lang='grc' dir='ltr'><em>τελευτᾶν</em></span> <span class='ocrx_word' id='word_1_144' title='bbox 1231 2131 1379 2199; x_wconf 84' lang='grc' dir='ltr'><em>διετόπου</em></span> 
     </span>
     <span class='ocr_line' id='line_1_18' title="bbox 258 2221 1376 2325; baseline 0.004 -29"><span class='ocrx_word' id='word_1_145' title='bbox 258 2235 286 2298; x_wconf 88' lang='grc' dir='ltr'><em>τί</em></span> <span class='ocrx_word' id='word_1_146' title='bbox 310 2236 427 2318; x_wconf 75' lang='grc' dir='ltr'><em>ὀφείλει</em></span> <span class='ocrx_word' id='word_1_147' title='bbox 455 2236 586 2322; x_wconf 80' lang='grc' dir='ltr'><em>δοθῆναι</em></span> <span class='ocrx_word' id='word_1_148' title='bbox 609 2237 691 2322; x_wconf 85' lang='grc' dir='ltr'><em>μετὰ</em></span> <span class='ocrx_word' id='word_1_149' title='bbox 719 2239 772 2324; x_wconf 82' lang='grc' dir='ltr'><em>τήν</em></span> <span class='ocrx_word' id='word_1_150' title='bbox 802 2221 896 2302; x_wconf 72' lang='grc' dir='ltr'><em>αὐτοῦ</em></span> <span class='ocrx_word' id='word_1_151' title='bbox 930 2238 1090 2325; x_wconf 80' lang='grc' dir='ltr'><em>τελευτήν·</em></span> <span class='ocrx_word' id='word_1_152' title='bbox 1120 2237 1209 2319; x_wconf 85' lang='grc' dir='ltr'><em>ἔλεγε</em></span> <span class='ocrx_word' id='word_1_153' title='bbox 1237 2237 1298 2324; x_wconf 88' lang='grc' dir='ltr'><em>γὰρ</em></span> <span class='ocrx_word' id='word_1_154' title='bbox 1330 2239 1376 2323; x_wconf 81' lang='grc' dir='ltr'><em>τῷ</em></span> 
     </span>
     <span class='ocr_line' id='line_1_19' title="bbox 206 2337 1377 2426; baseline -0.003 -23"><span class='ocrx_word' id='word_1_155' title='bbox 206 2411 209 2416; x_wconf 46' lang='grc'><em>,</em></span> <span class='ocrx_word' id='word_1_156' title='bbox 257 2337 517 2422; x_wconf 74' lang='lat' dir='ltr'><strong>famili6mptori,</strong></span> <span class='ocrx_word' id='word_1_157' title='bbox 550 2341 612 2402; x_wconf 87' lang='grc' dir='ltr'><em>ότι·</em></span> <span class='ocrx_word' id='word_1_158' title='bbox 646 2339 801 2425; x_wconf 79' lang='grc' dir='ltr'><em>βούλομαί</em></span> <span class='ocrx_word' id='word_1_159' title='bbox 832 2363 868 2404; x_wconf 87' lang='grc' dir='ltr'><em>σε</em></span> <span class='ocrx_word' id='word_1_160' title='bbox 902 2339 986 2426; x_wconf 81' lang='grc' dir='ltr'><em>τῷδε</em></span> <span class='ocrx_word' id='word_1_161' title='bbox 1019 2337 1127 2404; x_wconf 83' lang='grc' dir='ltr'><em>δοῦναι</em></span> <span class='ocrx_word' id='word_1_162' title='bbox 1158 2340 1257 2425; x_wconf 78' lang='grc' dir='ltr'><em>ἀγρὸν</em></span> <span class='ocrx_word' id='word_1_163' title='bbox 1288 2339 1377 2426; x_wconf 80' lang='grc' dir='ltr'><em>τῷδε</em></span> 
     </span>
     <span class='ocr_line' id='line_1_20' title="bbox 258 2439 1378 2529; baseline 0 -25"><span class='ocrx_word' id='word_1_164' title='bbox 258 2439 355 2504; x_wconf 81' lang='grc' dir='ltr'><em>οἰκίαν</em></span> <span class='ocrx_word' id='word_1_165' title='bbox 377 2441 458 2526; x_wconf 81' lang='grc' dir='ltr'><em>τῷδε</em></span> <span class='ocrx_word' id='word_1_166' title='bbox 488 2441 595 2506; x_wconf 81' lang='grc' dir='ltr'><em>ἕκατον</em></span> <span class='ocrx_word' id='word_1_167' title='bbox 626 2441 808 2526; x_wconf 88' lang='grc' dir='ltr'><em>νομίσματα.</em></span> <span class='ocrx_word' id='word_1_168' title='bbox 860 2445 907 2508; x_wconf 82' lang='grc' dir='ltr'><em>καί</em></span> <span class='ocrx_word' id='word_1_169' title='bbox 932 2442 1043 2508; x_wconf 84' lang='grc' dir='ltr'><em>τούτου</em></span> <span class='ocrx_word' id='word_1_170' title='bbox 1073 2442 1292 2529; x_wconf 76' lang='grc' dir='ltr'><em>ἐπινοηθέντος</em></span> <span class='ocrx_word' id='word_1_171' title='bbox 1320 2445 1378 2506; x_wconf 81' lang='grc' dir='ltr'><em>τοῦ</em></span> 
     </span>
     <span class='ocr_line' id='line_1_21' title="bbox 206 2542 1380 2633; baseline 0.002 -25"><span class='ocrx_word' id='word_1_172' title='bbox 206 2565 242 2618; x_wconf 71' lang='lat'><em>20</em></span> <span class='ocrx_word' id='word_1_173' title='bbox 258 2542 421 2626; x_wconf 65' lang='grc' dir='ltr'><em>γένουςῦ),</em></span> <span class='ocrx_word' id='word_1_174' title='bbox 444 2545 482 2608; x_wconf 85' lang='grc' dir='ltr'><em>τὰ</em></span> <span class='ocrx_word' id='word_1_175' title='bbox 504 2544 644 2629; x_wconf 86' lang='grc' dir='ltr'><em>πρότερα</em></span> <span class='ocrx_word' id='word_1_176' title='bbox 666 2543 768 2608; x_wconf 87' lang='grc' dir='ltr'><em>ἐκεῖνα</em></span> <span class='ocrx_word' id='word_1_177' title='bbox 790 2545 846 2610; x_wconf 87' lang='grc' dir='ltr'><em>δόσ</em></span> <span class='ocrx_word' id='word_1_178' title='bbox 867 2545 942 2633; x_wconf 86' lang='grc' dir='ltr'><em>γένη</em></span> <span class='ocrx_word' id='word_1_179' title='bbox 964 2548 1000 2611; x_wconf 84' lang='grc' dir='ltr'><em>τὸ</em></span> <span class='ocrx_word' id='word_1_180' title='bbox 1022 2544 1136 2610; x_wconf 75' lang='lat' dir='ltr'><strong>calatis</strong></span> <span class='ocrx_word' id='word_1_181' title='bbox 1163 2543 1301 2611; x_wconf 77' lang='lat' dir='ltr'><strong>comitiis</strong></span> <span class='ocrx_word' id='word_1_182' title='bbox 1328 2549 1380 2610; x_wconf 76' lang='grc' dir='ltr'><em>καὶ</em></span> 
     </span>
     <span class='ocr_line' id='line_1_22' title="bbox 260 2645 1380 2736; baseline 0 -27"><span class='ocrx_word' id='word_1_183' title='bbox 260 2646 294 2709; x_wconf 85' lang='grc' dir='ltr'><em>τὸ</em></span> <span class='ocrx_word' id='word_1_184' title='bbox 315 2645 482 2729; x_wconf 77' lang='lat' dir='ltr'>procinctu</span> <span class='ocrx_word' id='word_1_185' title='bbox 503 2645 538 2709; x_wconf 86' lang='grc' dir='ltr'><em>ἐκ</em></span> <span class='ocrx_word' id='word_1_186' title='bbox 560 2646 707 2710; x_wconf 85' lang='grc' dir='ltr'><em>πλείστων</em></span> <span class='ocrx_word' id='word_1_187' title='bbox 729 2645 790 2736; x_wconf 86' lang='grc' dir='ltr'><em>ήδη</em></span> <span class='ocrx_word' id='word_1_188' title='bbox 811 2651 875 2712; x_wconf 83' lang='grc' dir='ltr'><em>τῶν</em></span> <span class='ocrx_word' id='word_1_189' title='bbox 892 2649 1018 2734; x_wconf 82' lang='grc' dir='ltr'><em>χρόνων</em></span> <span class='ocrx_word' id='word_1_190' title='bbox 1041 2649 1084 2722; x_wconf 86' lang='grc' dir='ltr'><em>είς</em></span> <span class='ocrx_word' id='word_1_191' title='bbox 1099 2647 1287 2734; x_wconf 84' lang='grc' dir='ltr'><em>ἀσυνήθειαν</em></span> <span class='ocrx_word' id='word_1_192' title='bbox 1301 2646 1380 2734; x_wconf 76' lang='grc' dir='ltr'><em>ἐχώ·</em></span> 
     </span>
     <span class='ocr_line' id='line_1_23' title="bbox 258 2745 1377 2837; baseline -0.001 -24"><span class='ocrx_word' id='word_1_193' title='bbox 258 2771 337 2836; x_wconf 88' lang='grc' dir='ltr'><em>ρησε</em></span> <span class='ocrx_word' id='word_1_194' title='bbox 359 2751 408 2812; x_wconf 87' lang='grc' dir='ltr'><em>καί</em></span> <span class='ocrx_word' id='word_1_195' title='bbox 429 2749 504 2813; x_wconf 82' lang='grc' dir='ltr'><em>αὐτὸ</em></span> <span class='ocrx_word' id='word_1_196' title='bbox 528 2745 562 2812; x_wconf 82' lang='grc' dir='ltr'><em>δέ</em></span> <span class='ocrx_word' id='word_1_197' title='bbox 584 2751 619 2812; x_wconf 88' lang='grc' dir='ltr'><em>τδ</em></span> <span class='ocrx_word' id='word_1_198' title='bbox 641 2769 700 2833; x_wconf 83' lang='lat' dir='ltr'><em>per</em></span> <span class='ocrx_word' id='word_1_199' title='bbox 721 2769 776 2815; x_wconf 81' lang='lat' dir='ltr'><em>aes</em></span> <span class='ocrx_word' id='word_1_200' title='bbox 801 2755 834 2815; x_wconf 76' lang='grc' dir='ltr'><em>εί</em></span> <span class='ocrx_word' id='word_1_201' title='bbox 854 2747 969 2815; x_wconf 81' lang='lat' dir='ltr'><strong>libram</strong></span> <span class='ocrx_word' id='word_1_202' title='bbox 992 2747 1213 2837; x_wconf 87' lang='grc' dir='ltr'><em>κατεφρονήθη</em></span> <span class='ocrx_word' id='word_1_203' title='bbox 1231 2751 1310 2813; x_wconf 85' lang='grc' dir='ltr'><em>κατὰ</em></span> <span class='ocrx_word' id='word_1_204' title='bbox 1329 2773 1377 2834; x_wconf 84' lang='grc' dir='ltr'><em>μι·</em></span> 
     </span>
     <span class='ocr_line' id='line_1_24' title="bbox 259 2849 1381 2940; baseline 0 -26"><span class='ocrx_word' id='word_1_205' title='bbox 259 2851 343 2936; x_wconf 89' lang='grc' dir='ltr'><em>κρόν.</em></span> <span class='ocrx_word' id='word_1_206' title='bbox 388 2849 493 2938; x_wconf 83' lang='grc' dir='ltr'><em>ἐπειδή</em></span> <span class='ocrx_word' id='word_1_207' title='bbox 522 2853 582 2937; x_wconf 82' lang='grc' dir='ltr'><em>γὰρ</em></span> <span class='ocrx_word' id='word_1_208' title='bbox 612 2851 630 2916; x_wconf 85' lang='grc' dir='ltr'><em>ό</em></span> <span class='ocrx_word' id='word_1_209' title='bbox 656 2849 893 2935; x_wconf 73' lang='grc' dir='ltr'><em>ίααιίίὶδαιρίωι·</em></span> <span class='ocrx_word' id='word_1_210' title='bbox 919 2852 1012 2927; x_wconf 78' lang='grc' dir='ltr'><em>αὐτὸς</em></span> <span class='ocrx_word' id='word_1_211' title='bbox 1041 2849 1078 2940; x_wconf 82' lang='grc' dir='ltr'><em>ήν</em></span> <span class='ocrx_word' id='word_1_212' title='bbox 1106 2853 1155 2916; x_wconf 82' lang='grc' dir='ltr'><em>καί</em></span> <span class='ocrx_word' id='word_1_213' title='bbox 1183 2851 1381 2938; x_wconf 82' lang='grc' dir='ltr'><em>κληρονόμος</em></span> 
     </span>
     <span class='ocr_line' id='line_1_25' title="bbox 260 2951 1378 3039; baseline 0 -22"><span class='ocrx_word' id='word_1_214' title='bbox 260 2953 308 3017; x_wconf 85' lang='grc' dir='ltr'><em>καλ</em></span> <span class='ocrx_word' id='word_1_215' title='bbox 330 2952 475 3017; x_wconf 82' lang='grc' dir='ltr'><em>ἐντεῦθεν</em></span> <span class='ocrx_word' id='word_1_216' title='bbox 496 2954 567 3039; x_wconf 61' lang='grc' dir='ltr'><em>δήθ)</em></span> <span class='ocrx_word' id='word_1_217' title='bbox 589 2955 693 3018; x_wconf 88' lang='grc' dir='ltr'><em>λοιπὸν</em></span> <span class='ocrx_word' id='word_1_218' title='bbox 716 2956 890 3036; x_wconf 87' lang='grc' dir='ltr'><em>γινώσκων,</em></span> <span class='ocrx_word' id='word_1_219' title='bbox 913 2956 960 3018; x_wconf 85' lang='grc' dir='ltr'><em>ότι</em></span> <span class='ocrx_word' id='word_1_220' title='bbox 980 2954 1075 3030; x_wconf 78' lang='grc' dir='ltr'><em>αὐτὸς</em></span> <span class='ocrx_word' id='word_1_221' title='bbox 1100 2951 1216 3036; x_wconf 58' lang='grc' dir='ltr'><em>ἐσταιί)</em></span> <span class='ocrx_word' id='word_1_222' title='bbox 1240 2953 1289 3037; x_wconf 68' lang='grc' dir='ltr'><em>θ’)</em></span> <span class='ocrx_word' id='word_1_223' title='bbox 1313 2953 1378 3017; x_wconf 88' lang='grc' dir='ltr'><em>δισί-</em></span> 
     </span>
     <span class='ocr_line' id='line_1_26' title="bbox 208 3054 1379 3146; baseline 0 -26"><span class='ocrx_word' id='word_1_224' title='bbox 208 3075 242 3128; x_wconf 75' lang='lat'><em>25</em></span> <span class='ocrx_word' id='word_1_225' title='bbox 260 3056 363 3146; x_wconf 82' lang='grc' dir='ltr'><em>δσγσς,</em></span> <span class='ocrx_word' id='word_1_226' title='bbox 391 3055 581 3140; x_wconf 74' lang='grc' dir='ltr'><em>ἐπεβούλευε</em></span> <span class='ocrx_word' id='word_1_227' title='bbox 601 3059 648 3142; x_wconf 82' lang='grc' dir='ltr'><em>τῷ</em></span> <span class='ocrx_word' id='word_1_228' title='bbox 670 3056 805 3142; x_wconf 79' lang='grc' dir='ltr'><em>δεσπότῃ</em></span> <span class='ocrx_word' id='word_1_229' title='bbox 826 3060 883 3142; x_wconf 81' lang='grc' dir='ltr'><em>τῆς</em></span> <span class='ocrx_word' id='word_1_230' title='bbox 904 3055 1092 3134; x_wconf 77' lang='grc' dir='ltr'><em>περιουσίας,</em></span> <span class='ocrx_word' id='word_1_231' title='bbox 1115 3054 1165 3118; x_wconf 81' lang='grc' dir='ltr'><em>διὰ</em></span> <span class='ocrx_word' id='word_1_232' title='bbox 1187 3057 1279 3119; x_wconf 84' lang='grc' dir='ltr'><em>τοῦτο</em></span> <span class='ocrx_word' id='word_1_233' title='bbox 1300 3057 1379 3120; x_wconf 83' lang='grc' dir='ltr'><em>κατὰ</em></span> 
     </span>
     <span class='ocr_line' id='line_1_27' title="bbox 259 3156 1379 3249; baseline -0.001 -25"><span class='ocrx_word' id='word_1_234' title='bbox 259 3159 316 3245; x_wconf 81' lang='grc' dir='ltr'><em>μὲν</em></span> <span class='ocrx_word' id='word_1_235' title='bbox 338 3161 373 3224; x_wconf 82' lang='grc' dir='ltr'><em>τὺ</em></span> <span class='ocrx_word' id='word_1_236' title='bbox 389 3160 519 3249; x_wconf 81' lang='grc' dir='ltr'><em>όργαίσν</em></span> <span class='ocrx_word' id='word_1_237' title='bbox 540 3165 643 3248; x_wconf 68' lang='grc' dir='ltr'><em>σχῆμα</em></span> <span class='ocrx_word' id='word_1_238' title='bbox 658 3160 917 3244; x_wconf 78' lang='grc' dir='ltr'><em>πσρελαμβυίνετο</em></span> <span class='ocrx_word' id='word_1_239' title='bbox 939 3156 1184 3240; x_wconf 74' lang='grc' dir='ltr'><em>ίεαιίλίέυιρίωτ,</em></span> <span class='ocrx_word' id='word_1_240' title='bbox 1205 3159 1287 3234; x_wconf 88' lang='grc' dir='ltr'><em>όςτις</em></span> <span class='ocrx_word' id='word_1_241' title='bbox 1301 3159 1379 3224; x_wconf 77' lang='grc' dir='ltr'><em>είκα-</em></span> 
     </span>
     <span class='ocr_line' id='line_1_28' title="bbox 263 3259 1380 3349; baseline 0 -23"><span class='ocrx_word' id='word_1_242' title='bbox 263 3269 351 3337; x_wconf 83' lang='grc' dir='ltr'><em>νικῶς</em></span> <span class='ocrx_word' id='word_1_243' title='bbox 373 3262 509 3348; x_wconf 81' lang='grc' dir='ltr'><em>ήγόραζε</em></span> <span class='ocrx_word' id='word_1_244' title='bbox 531 3263 586 3349; x_wconf 83' lang='grc' dir='ltr'><em>τήν</em></span> <span class='ocrx_word' id='word_1_245' title='bbox 608 3261 663 3326; x_wconf 85' lang='grc' dir='ltr'><em>τοῦ</em></span> <span class='ocrx_word' id='word_1_246' title='bbox 682 3261 848 3347; x_wconf 87' lang='grc' dir='ltr'><em>μέλλοντος</em></span> <span class='ocrx_word' id='word_1_247' title='bbox 871 3263 1013 3326; x_wconf 85' lang='grc' dir='ltr'><em>τελευτᾶν</em></span> <span class='ocrx_word' id='word_1_248' title='bbox 1033 3261 1205 3341; x_wconf 84' lang='grc' dir='ltr'><em>ὑπόστασιν,</em></span> <span class='ocrx_word' id='word_1_249' title='bbox 1228 3260 1299 3325; x_wconf 86' lang='grc' dir='ltr'><em>όδὲ</em></span> <span class='ocrx_word' id='word_1_250' title='bbox 1313 3259 1380 3326; x_wconf 90' lang='grc' dir='ltr'><em>δια·</em></span> 
     </span>
     <span class='ocr_line' id='line_1_29' title="bbox 261 3363 1379 3454; baseline -0.001 -26"><span class='ocrx_word' id='word_1_251' title='bbox 261 3363 423 3449; x_wconf 89' lang='grc' dir='ltr'><em>τιθέμενος</em></span> <span class='ocrx_word' id='word_1_252' title='bbox 444 3365 509 3453; x_wconf 86' lang='grc' dir='ltr'><em>ίδίᾳ</em></span> <span class='ocrx_word' id='word_1_253' title='bbox 530 3363 669 3451; x_wconf 81' lang='grc' dir='ltr'><em>ἔγραφεν</em></span> <span class='ocrx_word' id='word_1_254' title='bbox 691 3364 724 3428; x_wconf 86' lang='grc' dir='ltr'><em>ἐν</em></span> <span class='ocrx_word' id='word_1_255' title='bbox 751 3364 870 3439; x_wconf 89' lang='grc' dir='ltr'><em>δέλτοις</em></span> <span class='ocrx_word' id='word_1_256' title='bbox 897 3363 916 3450; x_wconf 82' lang='grc' dir='ltr'><em>ή</em></span> <span class='ocrx_word' id='word_1_257' title='bbox 946 3363 979 3426; x_wconf 86' lang='grc' dir='ltr'><em>ἐν</em></span> <span class='ocrx_word' id='word_1_258' title='bbox 1004 3365 1136 3454; x_wconf 77' lang='grc' dir='ltr'><em>χόρτοις</em></span> <span class='ocrx_word' id='word_1_259' title='bbox 1163 3363 1198 3426; x_wconf 86' lang='grc' dir='ltr'><em>δυ</em></span> <span class='ocrx_word' id='word_1_260' title='bbox 1224 3363 1379 3449; x_wconf 83' lang='grc' dir='ltr'><em>ήβσύλετσ</em></span> 
     </span>
     <span class='ocr_line' id='line_1_30' title="bbox 263 3463 1426 3560; baseline -0.001 -30"><span class='ocrx_word' id='word_1_261' title='bbox 263 3463 391 3531; x_wconf 81' lang='grc' dir='ltr'><em>ἔσεσθαι</em></span> <span class='ocrx_word' id='word_1_262' title='bbox 412 3464 507 3560; x_wconf 78' lang='grc' dir='ltr'><em>αὐτοῦ</em></span> <span class='ocrx_word' id='word_1_263' title='bbox 529 3465 732 3554; x_wconf 89' lang='grc' dir='ltr'><em>κληρονόμον.</em></span> <span class='ocrx_word' id='word_1_264' title='bbox 780 3467 810 3530; x_wconf 77' lang='lat'><em>2.</em></span> <span class='ocrx_word' id='word_1_265' title='bbox 842 3464 929 3560; x_wconf 75' lang='grc' dir='ltr'><em>ἰίλλὰ</em></span> <span class='ocrx_word' id='word_1_266' title='bbox 956 3469 1051 3530; x_wconf 81' lang='grc' dir='ltr'><em>ταῦτα</em></span> <span class='ocrx_word' id='word_1_267' title='bbox 1074 3465 1133 3552; x_wconf 86' lang='grc' dir='ltr'><em>μὲν</em></span> <span class='ocrx_word' id='word_1_268' title='bbox 1161 3466 1198 3529; x_wconf 87' lang='grc' dir='ltr'><em>τὰ</em></span> <span class='ocrx_word' id='word_1_269' title='bbox 1227 3464 1380 3552; x_wconf 72' lang='grc' dir='ltr'><em>εἰρημένα</em></span> <span class='ocrx_word' id='word_1_270' title='bbox 1397 3491 1426 3544; x_wconf 64' lang='lat'><em>2,</em></span> 
     </span>
    </p>
   </div>
   <div class='ocr_carea' id='block_1_3' title="bbox 263 3719 1380 4046">
    <p class='ocr_par' dir='ltr' id='par_1_3' title="bbox 263 3719 1380 4046">
     <span class='ocr_line' id='line_1_31' title="bbox 329 3719 1380 3794; baseline -0.001 -19"><span class='ocrx_word' id='word_1_271' title='bbox 329 3724 354 3786; x_wconf 87' lang='lat'><em>1)</em></span> <span class='ocrx_word' id='word_1_272' title='bbox 372 3725 483 3792; x_wconf 80' lang='grc' dir='ltr'><em>πρῶτον</em></span> <span class='ocrx_word' id='word_1_273' title='bbox 502 3722 544 3777; x_wconf 88' lang='lat' dir='ltr'><em>vi.</em></span> <span class='ocrx_word' id='word_1_274' title='bbox 561 3723 594 3778; x_wconf 86' lang='lat' dir='ltr'><em>R.</em></span> <span class='ocrx_word' id='word_1_275' title='bbox 704 3722 728 3789; x_wconf 63' lang='grc' dir='ltr'><em>θ)</em></span> <span class='ocrx_word' id='word_1_276' title='bbox 745 3723 822 3794; x_wconf 79' lang='grc' dir='ltr'><em>-όίᾳ</em></span> <span class='ocrx_word' id='word_1_277' title='bbox 840 3724 914 3794; x_wconf 82' lang='grc' dir='ltr'><em>νόσῳ</em></span> <span class='ocrx_word' id='word_1_278' title='bbox 931 3722 973 3776; x_wconf 85' lang='lat' dir='ltr'><em>Vi.</em></span> <span class='ocrx_word' id='word_1_279' title='bbox 990 3721 1023 3777; x_wconf 75' lang='lat' dir='ltr'><em>B.</em></span> <span class='ocrx_word' id='word_1_280' title='bbox 1130 3723 1154 3791; x_wconf 78' lang='grc' dir='ltr'><em>θ)</em></span> <span class='ocrx_word' id='word_1_281' title='bbox 1171 3719 1251 3783; x_wconf 70' lang='grc' dir='ltr'><em>ἅπαις</em></span> <span class='ocrx_word' id='word_1_282' title='bbox 1268 3722 1307 3773; x_wconf 80' lang='grc' dir='ltr'><em>ὢν</em></span> <span class='ocrx_word' id='word_1_283' title='bbox 1325 3720 1380 3775; x_wconf 78' lang='lat' dir='ltr'><em>M.:</em></span> 
     </span>
     <span class='ocr_line' id='line_1_32' title="bbox 264 3803 1380 3878; baseline 0 -19"><span class='ocrx_word' id='word_1_284' title='bbox 264 3809 335 3873; x_wconf 75' lang='grc' dir='ltr'><em>ἐνσμ</em></span> <span class='ocrx_word' id='word_1_285' title='bbox 354 3803 399 3859; x_wconf 79' lang='grc' dir='ltr'><em>απ.</em></span> <span class='ocrx_word' id='word_1_286' title='bbox 417 3803 467 3862; x_wconf 69' lang='grc' dir='ltr'><em>Ιιῦ.</em></span> <span class='ocrx_word' id='word_1_287' title='bbox 547 3809 571 3877; x_wconf 76' lang='lat'><em>4)</em></span> <span class='ocrx_word' id='word_1_288' title='bbox 589 3806 763 3869; x_wconf 72' lang='grc' dir='ltr'><em>’ὑποστάσεως</em></span> <span class='ocrx_word' id='word_1_289' title='bbox 779 3804 830 3862; x_wconf 67' lang='lat'><em>11⁹.</em></span> <span class='ocrx_word' id='word_1_290' title='bbox 909 3809 933 3876; x_wconf 63' lang='grc' dir='ltr'><em>ὅ)</em></span> <span class='ocrx_word' id='word_1_291' title='bbox 950 3807 1046 3878; x_wconf 77' lang='lat' dir='ltr'>scripsi</span> <span class='ocrx_word' id='word_1_292' title='bbox 1070 3819 1104 3861; x_wconf 77' lang='lat' dir='ltr'><em>ex</em></span> <span class='ocrx_word' id='word_1_293' title='bbox 1122 3804 1228 3861; x_wconf 77' lang='lat' dir='ltr'>M.L1.</span> <span class='ocrx_word' id='word_1_294' title='bbox 1246 3803 1296 3860; x_wconf 62' lang='lat'><em>12².</em></span> <span class='ocrx_word' id='word_1_295' title='bbox 1314 3803 1380 3860; x_wconf 62' lang='lat' dir='ltr'><em>M:</em></span> 
     </span>
     <span class='ocr_line' id='line_1_33' title="bbox 263 3889 1379 3964; baseline 0.005 -20"><span class='ocrx_word' id='word_1_296' title='bbox 263 3891 471 3963; x_wconf 79' lang='grc' dir='ltr'><em>φααιλιίμπτωρ</em></span> <span class='ocrx_word' id='word_1_297' title='bbox 488 3893 545 3949; x_wconf 83' lang='lat' dir='ltr'>Vi.:</span> <span class='ocrx_word' id='word_1_298' title='bbox 563 3893 681 3948; x_wconf 65' lang='lat' dir='ltr'><em>familiae</em></span> <span class='ocrx_word' id='word_1_299' title='bbox 697 3899 804 3962; x_wconf 74' lang='lat' dir='ltr'><strong>emptor</strong></span> <span class='ocrx_word' id='word_1_300' title='bbox 821 3891 903 3949; x_wconf 58' lang='grc' dir='ltr'><em>ΚΒ,</em></span> <span class='ocrx_word' id='word_1_301' title='bbox 1054 3893 1079 3962; x_wconf 76' lang='lat'><em>⁶)</em></span> <span class='ocrx_word' id='word_1_302' title='bbox 1095 3892 1146 3964; x_wconf 75' lang='grc' dir='ltr'><em>ἤδη</em></span> <span class='ocrx_word' id='word_1_303' title='bbox 1165 3892 1217 3948; x_wconf 78' lang='lat' dir='ltr'><em>hl·</em></span> <span class='ocrx_word' id='word_1_304' title='bbox 1235 3891 1285 3947; x_wconf 71' lang='lat'><em>11².</em></span> <span class='ocrx_word' id='word_1_305' title='bbox 1303 3891 1334 3946; x_wconf 75' lang='lat'><em>1¹¹.</em></span> <span class='ocrx_word' id='word_1_306' title='bbox 1352 3889 1379 3950; x_wconf 80' lang='lat' dir='ltr'><em>(l.</em></span> 
     </span>
     <span class='ocr_line' id='line_1_34' title="bbox 263 3975 1039 4046; baseline 0.004 -15"><span class='ocrx_word' id='word_1_307' title='bbox 263 3976 306 4031; x_wconf 86' lang='lat' dir='ltr'><em>Vi.</em></span> <span class='ocrx_word' id='word_1_308' title='bbox 323 3975 357 4030; x_wconf 84' lang='lat' dir='ltr'><em>R.</em></span> <span class='ocrx_word' id='word_1_309' title='bbox 458 3977 757 4046; x_wconf 65' lang='lat' dir='ltr'><em>⁷)3arzuL1.l.⁹.1‹&#39;.</em></span> <span class='ocrx_word' id='word_1_310' title='bbox 860 3978 883 4045; x_wconf 76' lang='lat'><em>⁸)</em></span> <span class='ocrx_word' id='word_1_311' title='bbox 902 3977 927 4032; x_wconf 84' lang='lat' dir='ltr'><em>d.</em></span> <span class='ocrx_word' id='word_1_312' title='bbox 946 3975 988 4031; x_wconf 83' lang='lat' dir='ltr'><em>vi.</em></span> <span class='ocrx_word' id='word_1_313' title='bbox 1003 3975 1039 4038; x_wconf 84' lang='grc' dir='ltr'><em>Β.</em></span> 
     </span>
    </p>
   </div>
   <div class='ocr_carea' id='block_1_4' title="bbox 263 4095 1377 4252">
    <p class='ocr_par' dir='ltr' id='par_1_4' title="bbox 263 4095 1377 4252">
     <span class='ocr_line' id='line_1_35' title="bbox 263 4095 1377 4238; baseline -0.002 -86"><span class='ocrx_word' id='word_1_314' title='bbox 263 4183 282 4238; x_wconf 84' lang='lat' dir='ltr'><strong>b</strong></span> <span class='ocrx_word' id='word_1_315' title='bbox 310 4097 575 4238; x_wconf 70' lang='lat' dir='ltr'><em>Ga)Gai.2,104.:</em></span> <span class='ocrx_word' id='word_1_316' title='bbox 597 4097 631 4154; x_wconf 81' lang='lat' dir='ltr'><em>de</em></span> <span class='ocrx_word' id='word_1_317' title='bbox 649 4114 676 4154; x_wconf 88' lang='lat' dir='ltr'><em>u.</em></span> <span class='ocrx_word' id='word_1_318' title='bbox 695 4096 822 4153; x_wconf 71' lang='lat' dir='ltr'>‘emam’</span> <span class='ocrx_word' id='word_1_319' title='bbox 846 4098 881 4153; x_wconf 81' lang='lat' dir='ltr'><em>ef.</em></span> <span class='ocrx_word' id='word_1_320' title='bbox 903 4099 999 4167; x_wconf 74' lang='lat' dir='ltr'>voigt:</span> <span class='ocrx_word' id='word_1_321' title='bbox 1024 4096 1112 4153; x_wconf 74' lang='lat' dir='ltr'>zwolf</span> <span class='ocrx_word' id='word_1_322' title='bbox 1131 4095 1228 4150; x_wconf 80' lang='grc' dir='ltr'><em>Τοίείσ</em></span> <span class='ocrx_word' id='word_1_323' title='bbox 1246 4095 1274 4150; x_wconf 90' lang='grc' dir='ltr'><em>ῙΙ</em></span> <span class='ocrx_word' id='word_1_324' title='bbox 1295 4098 1377 4152; x_wconf 69' lang='lat' dir='ltr'><em>mn.</em></span> 
     </span>
     <span class='ocr_line' id='line_1_36' title="bbox 282 4186 460 4252; baseline -0.006 -14"><span class='ocrx_word' id='word_1_325' title='bbox 282 4186 293 4250; x_wconf 88' lang='lat'>)</span> <span class='ocrx_word' id='word_1_326' title='bbox 336 4187 386 4252; x_wconf 76' lang='lat'><em>.2‚</em></span> <span class='ocrx_word' id='word_1_327' title='bbox 405 4186 460 4239; x_wconf 78' lang='lat'><strong>103.</strong></span> 
     </span>
    </p>
   </div>
   <div class='ocr_carea' id='block_1_5' title="bbox 0 0 1559 4882">
    <p class='ocr_par' dir='ltr' id='par_1_5' title="bbox 0 0 1559 4882">
     <span class='ocr_line' id='line_1_37' title="bbox 0 0 1559 4882; baseline 0 0"><span class='ocrx_word' id='word_1_328' title='bbox 0 0 1559 4882; x_wconf 95' lang='lat' dir='ltr'><em> </em></span> 
     </span>
    </p>
   </div>
  </div>
 </body>
</html>
