2990 4884
577 405 789 470 ..66-

122 592 237 677 iubeu;
263 611 343 677 quae
375 592 540 658 heredis
563 591 770 658 institutio
792 596 933 657 uocatur.
976 589 1117 672 legamus
1139 597 1244 660 antem

122 714 184 778 ita:
211 712 273 777 illi
294 711 385 794 lego
407 713 539 778 decem
562 711 723 787 solidos,
746 709 962 793 quaedicitnr
979 709 1105 791 legati
1127 711 1243 778 detio.

123 837 263 898 tutorem
291 833 400 897 damus
426 832 487 896 itu:
516 830 630 896 illum
660 829 748 896 filio
770 847 850 896 meo
877 835 1050 896 tutorem
1079 830 1140 902 dn,
1162 847 1244 912 quae

124 950 242 1016 dicitur
274 949 423 1016 tutoris
457 951 579 1016 datio.
627 949 804 1020 libertatem
837 949 884 1016 ite
915 947 1135 1032 relinquimus:
1167 949 1243 1017 ille

121 1087 271 1136 seruus
299 1087 409 1135 meus
431 1069 540 1135 liber
561 1075 663 1148 esto,
690 1088 771 1153 quee
797 1069 912 1134 dicitur
936 1068 1153 1136 libertatis
1176 1070 1244 1137 da·
1277 1076 1295 1128 ⁵

123 1190 190 1254 tio.
225 1189 302 1255 haec
325 1195 429 1255 autem
453 1189 555 1254 omnia
577 1188 675 1256 uerba
696 1188 1243 1270 directauicuntur;a1iiscutem

124 1326 249 1392 quoque
271 1308 376 1374 uerbis
397 1308 443 1372 itu
464 1306 670 1391 relinquimus
692 1307 844 1390 legatam:
872 1325 964 1390 rugo
994 1313 1033 1374 te
1058 1308 1173 1374 heres
1200 1313 1243 1374 ut

119 1427 191 1493 des
214 1426 279 1492 illi
300 1428 330 1493 X
351 1427 520 1506 solidos,
543 1429 637 1511 idque
659 1433 791 1494 uocatur
816 1424 1099 1493 fideicommissum.
1149 1426 1243 1495 liber·

121 1552 221 1612 tatem
244 1566 320 1613 uero
342 1547 386 1613 ita
408 1547 627 1628 relinquimus:
654 1566 748 1632 rogo
771 1554 808 1614 te
829 1547 943 1613 heres
965 1552 1007 1612 ut
1028 1546 1141 1612 illum
1163 1565 1242 1613 ser-

120 1685 209 1731 uum
239 1683 360 1732 meum
390 1667 668 1744 manumittas,
702 1686 784 1750 quae
815 1663 1102 1734 fideicommissaria
1135 1677 1294 1732 manu-10

120 1783 232 1851 missio
262 1785 385 1852 dicitur.
436 1787 534 1852 uerba
567 1792 671 1852 autem
701 1786 793 1861 haec,
827 1786 940 1869 quibus
968 1784 1240 1852 fideicommissum

121 1902 330 1987 relinquimus
352 1907 534 1988 precaria
556 1906 710 1974 dicuntur.
753 1907 860 1986 itaque
888 1906 1063 1972 libertatem
1090 1906 1240 1972 directam

118 2041 179 2104 per
205 2023 338 2089 uerbum
369 2029 474 2090 »esto«
504 2025 723 2108 relinquimus,
751 2045 809 2108 per
835 2026 966 2092 uerbum
995 2030 1100 2092 autem
1125 2044 1236 2110 »rogo«

121 2141 367 2221 precariam,
395 2143 464 2209 siue
486 2141 913 2210 fideicommissariam.
963 2145 1045 2210 inter
1075 2149 1241 2228 utrumque

118 2265 226 2325 antem
249 2262 520 2328 manumissionem
543 2263 602 2328 hoc
623 2261 765 2341 interest,
788 2263 872 2345 qnod
894 2262 1015 2330 directa
1028 2263 1153 2343 quidem
1176 2269 1292 2333 sta-15

121 2377 180 2443 tim
203 2387 299 2462 atque
319 2381 482 2446 institutus
504 2380 595 2450 heres
617 2355 731 2448 adierit
760 2382 824 2447 uim
852 2400 941 2447 suam
963 2380 1151 2458 manifestet,
1175 2399 1240 2447 ser-

118 2517 259 2583 uumque
281 2503 313 2566 in
334 2501 512 2568 libertatem
534 2502 677 2580 adducit,
705 2502 848 2586 precaria
877 2509 981 2568 autem
1008 2501 1091 2567 iacto
1114 2517 1239 2598 quoque

118 2619 246 2686 heredis
267 2620 403 2704 indiget:
426 2627 463 2686 nt
483 2639 594 2704 nempe
616 2639 743 2688 seruum
765 2622 850 2703 apud
865 2620 1083 2704 magistratum
1098 2620 1239 2689 uindicta
1286 2681 1288 2686 .

114 2740 220 2806 alioue
242 2741 334 2806 modo
356 2759 394 2806 ex
416 2741 464 2821 iis,
485 2758 564 2824 quos
586 2740 731 2819 diximus,
753 2739 964 2808 manumittat.
987 2757 1058 2809 curn
1079 2741 1157 2808 hacc
1179 2741 1239 2808 tibi

115 2865 286 2941 perspecta
307 2860 381 2938 sint,
403 2859 477 2925 uide
498 2860 573 2942 quid
594 2860 669 2926 inde
689 2866 849 2941 sequatur.
892 2859 1026 2928 diximus
1052 2861 1079 2926 si
1110 2877 1236 2930 seruum
1254 2881 1289 2932 uo

113 2997 221 3044 meum
253 2979 320 3045 sine
352 2978 497 3046 libertate
528 2977 592 3045 filio
619 2997 688 3045 meo
722 2985 857 3046 tutorem
890 2979 1046 3056 dederim,
1084 2979 1236 3046 directam

114 3097 176 3180 ipsi
199 3098 297 3165 tacite
318 3097 496 3165 libertatem
524 3106 717 3181 competere:
744 3098 814 3168 ideo
844 3103 950 3166 autem
978 3100 1174 3165 directam
1195 3117 1236 3164 ue

114 3215 202 3283 iacto
223 3215 366 3299 indigeat
387 3217 528 3294 heredis,
556 3224 605 3284 set
632 3225 667 3283 ut
694 3236 732 3284 ex
759 3216 827 3300 ipso
854 3224 1010 3299 competat
1036 3222 1234 3284 testamento.
