3078 4882
690 443 837 507 2163
880 460 922 491 -·-

248 630 277 693 ελ
297 630 565 714 σογκαλεσάμενός
586 651 671 706 τινας
692 629 741 693 έπλ
761 630 872 713 τούτῳ,
895 630 975 704 ῶςτε
996 631 1051 717 τήν
1073 629 1219 712 έαυτοῦῖ)
1242 632 1374 716 γνώμην

247 732 297 795 ἐπὶ
316 732 487 816 μαρτύρων
509 733 655 818 δηλῶσαι,
682 736 794 818 σαφῶς
817 731 993 818 παρέστησε
1021 732 1086 795 τίνα
1111 732 1259 813 βούλεται
1282 732 1371 817 αὐτῷ

248 832 354 918 εἶναι’)
375 835 567 922 κληρονόμον
588 837 637 899 καὶ
658 835 725 900 τίνα
752 836 847 918 τῶνθ)
877 836 1003 900 οἰκετῶν
1032 833 1247 918 έλευθερίαςέ)
1277 833 1372 920 ήξίω-

247 959 312 1011 σεν,
334 935 480 1023 ἄγραφον
501 937 629 1026 ίοηυρὰν
649 938 705 1022 τήν
727 937 870 1024 τοιαύτην
899 938 1052 1019 καλοῦμεν
1078 935 1239 1024 διαθήκην.
1285 935 1372 1000 εἰδὲ

212 1039 352 1124 ῡώςπερ
376 1040 410 1102 τὸ
433 1041 572 1103 πλεῖστον
594 1039 628 1102 έν
654 1037 783 1122 ὁμιλίαις
811 1037 942 1121 είωθεί)
972 1039 1171 1124 συμβαίνειν,
1203 1040 1368 1124 παρόντων

249 1144 338 1205 τινῶν
360 1141 598 1226 ἀποτεινόμενος
621 1142 700 1224 πρός
727 1165 791 1206 τινα
818 1141 919 1204 είπεν·
948 1142 1021 1225 ἐγώ
1051 1164 1095 1206 σε
1125 1140 1373 1228 κληρονόμον

249 1240 386 1328 ποιῶή
413 1243 458 1306 τὰ
486 1241 560 1326 ἐμὰ
587 1243 802 1328 πράγματά
830 1267 888 1306 σοι
916 1244 1214 1328 καταλιμπάνω,
1245 1241 1283 1305 ού
1310 1243 1372 1330 χρὴ

248 1348 339 1408 τούτο
362 1342 514 1432 διαθήκης
537 1343 617 1434 ἔχειν
638 1343 783 1427 δύναμιν·
811 1344 865 1408 ἐπ’
892 1344 1020 1421 οὐδενὸς
1041 1345 1102 1430 γὰρ
1122 1346 1255 1428 μάλιστα
1276 1346 1373 1407 τοῦτο

247 1448 307 1534 ηρή
329 1446 518 1527 ωιοπεῖσθαι,
541 1447 654 1534 ήπερθ)
677 1447 726 1512 ἐπὶ
753 1451 970 1527 στρατιωτῶν,
1000 1447 1045 1519 οἷς
1073 1447 1107 1511 ἐν
1137 1447 1298 1532 προνομίιρ
1321 1445 1374 1509 δέ-

198 1559 231 1612 10
247 1547 335 1611 δοται
358 1549 392 1611 τὸ
414 1549 502 1625 όπως
520 1548 687 1630 βούλονται
708 1548 914 1628 διατίθεσθαι,
937 1550 1018 1626 ῶςτε
1039 1550 1078 1614 τὰ
1105 1549 1139 1612 έν
1167 1549 1298 1633 ὁμιλίαις
1318 1549 1369 1611 λε-

246 1651 364 1733 γόμενα
375 1651 419 1724 εἰς
434 1650 528 1715 τύπον
540 1650 691 1738 διαθήκης
704 1653 747 1738 μή
763 1651 987 1737 ἀναφέρεσθαι.
1010 1651 1079 1716 ἐπεί
1093 1675 1137 1716 τοι
1151 1674 1188 1734 γε
1205 1653 1305 1738 πάσης
1319 1651 1374 1714 δυ-

247 1751 370 1828 σκολίας
385 1751 473 1829 έκτδς
484 1754 565 1836 μετὰ
584 1756 729 1840 τελευτήν
745 1756 857 1828 παντὸς
873 1756 1064 1840 στρατιώτου
1071 1755 1097 1836 ⁷)
1114 1755 1373 1839 ἀναφανήσονται

245 1855 406 1939 μάρτυρες
428 1854 701 1941 διαβεβαιούμενοι
723 1857 854 1932 ἑαυτοὺς
876 1855 1050 1943 ἀκηκοέναι,
1074 1858 1119 1920 θτι
1141 1858 1158 1920 ό
1181 1855 1269 1920 δεῖνα
1292 1857 1371 1918 ύτε·

247 1956 480 2042 λευτήσαςείπε
497 1957 589 2042 τῷδε,
610 1959 687 2040 ότιῧ)
709 1961 992 2042 καταλιμπάνω
1016 1982 1074 2023 σοι
1096 1959 1139 2022 τὰ
1161 1959 1234 2042 ἑμὰ
1257 1959 1373 2041 πράγ-

198 2068 230 2122 Ιό
245 2082 351 2144 ματα
373 2060 422 2123 καί
444 2059 478 2123 ἐκ
499 2061 610 2125 τούτου
633 2063 665 2126 αί
686 2061 814 2146 ἀληθεῖς
836 2063 1109 2148 ἀνατραπήσονται
1137 2066 1198 2125 τῶν
1220 2084 1372 2143 στρατιω-

247 2161 310 2225 τῶν
337 2161 516 2249 βουλήσεις.
561 2165 592 2227 2.
626 2163 827 2252 Στρατιώτης
855 2165 918 2228 εἴτε
948 2165 1063 2238 ἀλαλος
1092 2163 1139 2251 εἴη
1170 2163 1233 2229 εἴτε
1260 2160 1374 2247 κωφὸς
1390 2177 1417 2228 2

248 2264 383 2355 ἰσχυρῶς
398 2264 575 2328 διατίθεται.
598 2264 718 2330 ὑπόθου
734 2267 771 2330 δὲ
785 2265 880 2331 αὐτὸν
892 2268 937 2354 μή
944 2268 969 2348 ⁹)
986 2266 1181 2354 ἐκβληθέντα
1199 2272 1253 2353 τῆς
1276 2289 1376 2348 στρα-

248 2368 333 2444 τείας
355 2368 502 2434 causaria
523 2368 687 2434 missione·
711 2369 826 2434 ἄτοπον
848 2372 911 2457 γάρ
932 2371 1042 2454 έστιῙθ)
1058 2372 1110 2434 τὸν
1126 2373 1265 2434 τοιοῦτον
1279 2391 1376 2452 στρα·

250 2469 404 2534 τεύεσθαι.
449 2470 545 2555 όμὲν
567 2472 627 2555 γὰρ
657 2472 714 2536 ούκ
741 2473 846 2538 ἀκούει
875 2479 936 2538 τῶν
964 2472 1021 2538 τοῦ
1050 2477 1224 2560 στρατηγοῦ
1253 2494 1375 2557 παραγ-

195 2594 232 2647 αο
248 2573 419 2657 τελμάτων,
443 2575 460 2636 ό
484 2572 521 2636 δὲ
542 2572 598 2637 ἐάν
620 2597 701 2651 τινος
723 2575 889 2658 ἀναγκαίου
919 2575 1019 2639 δεῖται
1043 2575 1107 2638 οἷον
1133 2576 1229 2639 όπλοο
1260 2574 1297 2636 ού
1320 2573 1375 2636 δύ-

251 2696 336 2737 ναται
358 2677 447 2739 τοῦτο
470 2674 616 2761 δηλῶσαι.
646 2675 676 2739 3.
712 2676 808 2764 Μέηρι
831 2675 867 2738 δὲ
888 2676 1040 2739 τοσούτου
1063 2674 1097 2738 ὲκ
1119 2675 1180 2738 τῶν
1200 2675 1372 2756 βασιλικῶν
1390 2686 1416 2738 a

248 2774 422 2849 διατάξεων
445 2779 678 2866 συγκεχώρηται
701 2780 764 2854 τοῖς
785 2779 988 2861 στρατιώταις
1009 2776 1045 2841 τὸ
1069 2776 1264 2842 διατίθεσθαι
1287 2777 1376 2861 παρὰ

249 2877 303 2963 τήν
325 2877 500 2961 ἀκρίβειαν,
531 2878 588 2962 ἐφ’
616 2879 689 2941 ὅσον
717 2880 766 2942 καὶ
792 2879 1055 2964 στρατεύονταιῑῑ)
1083 2882 1131 2943 καλ
1160 2878 1375 2961 διατρίβουσιν

248 2979 283 3042 ἐν
305 2982 463 3064 κάστροις·
483 2981 564 3064 μετὰ
585 2979 622 3043 δὲ
645 2981 699 3066 τήν
725 2979 836 3065 ἄφεσιν
866 2980 1020 3045 τουτέστιν
1042 2981 1129 3066 ήνίκα
1156 2981 1298 3064 γένονται
1319 3001 1375 3046 ue·

196 3103 231 3156 25
248 3081 353 3152 ίτύαοὶ
375 3081 440 3169 ήῑθ)
464 3087 525 3146 τῶν
547 3083 692 3169 κάστρων
720 3083 794 3147 ελσὶν
817 3083 919 3158 ἐκτὸς,
949 3081 979 3146 εἰ
1008 3084 1056 3146 καὶ
1084 3082 1127 3148 ἔτι
1153 3083 1377 3168 στρατεύονται

249 3187 386 3272 τὴντῶν
415 3191 561 3268 παγανῶν
591 3184 751 3270 ἀκρίβειαν
779 3185 940 3269 όφείλουσι
966 3186 1174 3271 φυλάττεινθ)
1198 3185 1306 3272 ἐπειδὴ
1334 3183 1374 3248 δὲ

248 3288 413 3374 ελρήκαμεν
436 3289 509 3363 τοὺς
527 3288 586 3370 μὲν
608 3289 804 3370 στρατιώτας
827 3289 860 3351 έν
881 3289 1028 3373 κάστροις
1043 3287 1278 3373 διατιθεμένους
1293 3289 1376 3350 ἀκιν-

248 3389 350 3465 δύνως
370 3393 428 3477 τῆς
448 3388 612 3474 ἀκριβείας
634 3392 850 3476 καταφρονεῖν,
873 3389 945 3466 τοὺς
967 3389 1003 3452 δὲ
1034 3387 1185 3456 ναύτύαυυ
1209 3391 1263 3476 τήν
1286 3390 1374 3472 ἀκρί-

264 3763 266 3768 Ι
315 3697 338 3762 ¹)
359 3695 458 3749 οἰκείαν
479 3695 520 3752 vi.
538 3696 570 3752 R.
706 3696 729 3765 θ)
746 3696 826 3762 βούλ.
844 3696 925 3768 ἔχειν.
946 3697 989 3752 vi.
1008 3697 1041 3751 R.
1086 3767 1088 3772 Ι
1168 3697 1191 3764 ³)
1210 3697 1235 3751 d.
1254 3696 1304 3750 15⁹·
1321 3695 1376 3751 F'.

247 3780 271 3845 ⁴)
289 3781 417 3847 -ρῶσαι
437 3781 479 3835 vi.
496 3781 528 3836 R.
675 3784 699 3850 ⁵)
716 3782 832 3835 εἰώθασι
848 3783 887 3837 Μ.
1059 3783 1083 3850 ⁶)
1099 3783 1139 3836 ita
1156 3781 1202 3836 R:
1222 3787 1266 3835 cet
1283 3780 1374 3850 εἴπερ.

247 3863 271 3931 7)
288 3863 327 3917 ita
348 3864 423 3919 libri:
443 3865 484 3920 ed.
502 3885 565 3937 στρ.
583 3885 662 3920 παντ.
787 3867 812 3931 ⁸)
831 3868 868 3920 ἐῶ
886 3885 919 3920 σε
937 3868 1101 3937 κληρονόμον
1120 3870 1138 3938 λ)
1156 3868 1197 3920 ὅτι
1215 3866 1259 3922 ad.
1277 3866 1320 3921 vi.
1339 3865 1373 3920 R.

248 3948 272 4012 9)
289 3949 327 4018 ιιι)
350 3948 410 4004 εδδ.
429 3951 476 4005 [ιθ.
495 3951 538 4006 Vi.
555 3950 588 4006 B.
608 3954 653 4022 [cf.
671 3959 762 4008 notam
781 3952 861 4007 huius
878 3954 891 4007 1
909 3954 981 4022 352).
1109 3954 1146 4020 1⁰)
1164 3951 1188 4005 δ
1207 3952 1251 4006 vi.
1269 3951 1320 4006 ΕΙ.
1338 3951 1374 4006 Β.

249 4034 284 4101 ¹¹)
300 4033 401 4105 μέχρις
417 4035 448 4087 ού
465 4033 498 4088 ἂν
518 4037 723 4107 στρατεύωνται
741 4038 786 4090 καί
803 4040 919 4091 δ-ωσιν
939 4038 982 4093 vi.
999 4037 1031 4092 R
1158 4037 1195 4105 ιθ)
1212 4037 1237 4090 d.
1256 4037 1295 4092 Μ.
1314 4039 1374 4091 τῶν

248 4119 344 4188 κάστρ.
362 4120 411 4174 ελσ.
430 4123 448 4192 η
469 4122 523 4176 ἐκτ.
541 4122 590 4176 1⁴¹².
692 4125 729 4192 1θ)
745 4124 806 4191 φυλ,
825 4126 869 4193 δφ.
889 4125 939 4179 [1⁰.
