3096 4890
619 397 830 460 ..14-

162 584 312 663 uitatem,
340 584 493 666 quaedam
520 583 664 661 indulsit,
691 582 792 650 ueluti
819 603 858 652 ne
885 585 925 651 ad
949 584 1116 668 uectigalia
1137 583 1288 680 soluenda

162 712 335 783 teneretur,
358 703 501 787 aliusque
523 715 633 787 postea
655 705 721 788 pari
749 705 916 772 ueletiam
945 676 1057 773 maiori
1084 703 1225 772 benificio
1247 701 1288 772 ci'·

162 827 295 891 uitatem
318 823 477 903 adfecerit,
500 843 562 891 non
582 823 698 906 poterit
713 825 763 890 hic
777 844 815 889 ex
831 823 884 891 illa
898 825 967 908 lege
981 825 1095 892 similia
1117 827 1175 892 sibi
1196 845 1287 910 prae-

162 946 303 1023 tendere,
326 963 397 1010 cum
426 944 476 1009 lex
502 963 667 1026 personam
697 946 851 1028 respiciat.
896 946 942 1013 ita
964 948 991 1012 si
1013 945 1065 1012 cui
1087 965 1218 1030 poenam
1241 947 1285 1012 iu-

162 1066 287 1132 terdum
308 1065 391 1131 iusto
414 1067 561 1132 maiorem
589 1067 797 1149 irrogaverit,
821 1067 872 1134 uel
894 1068 920 1132 si
944 1067 1027 1134 haud
1050 1086 1122 1134 raro
1145 1067 1284 1150 peccanti
1319 1062 1339 1113 ὅ

162 1183 339 1266 pepercerit
360 1205 422 1251 non
443 1185 484 1251 ad
500 1183 702 1252 imitationem
719 1186 749 1251 id
765 1187 967 1266 constituens,
991 1205 1081 1253 nemo
1103 1205 1210 1253 eorum
1233 1187 1286 1268 qui

162 1306 295 1386 posthac
316 1307 348 1372 in
370 1308 486 1374 crimen
501 1307 626 1389 aliquod
649 1306 817 1372 inciderint
838 1304 934 1371 simili
954 1306 1079 1372 fruetur
1092 1305 1287 1388 indulgentia

161 1435 218 1490 aut
239 1427 323 1491 iusto
345 1427 474 1508 grauius
497 1427 660 1508 plectetur.
705 1425 789 1492 ultra
811 1428 893 1492 enim
924 1444 993 1503 ecs,
1022 1429 1075 1506 qui
1103 1424 1141 1490 iis
1171 1425 1285 1492 adiecti

162 1553 252 1626 sunt,
276 1548 353 1612 haec
374 1566 435 1613 non
465 1547 683 1613 extendentur.
713 1543 894 1626 personales
923 1545 1021 1628 igitur
1048 1545 1285 1612 constitutiones

161 1685 312 1748 personas
335 1686 452 1745 eorum,
474 1687 531 1750 pro
554 1667 668 1750 quibus
691 1674 766 1734 sunt
786 1667 890 1750 posita
911 1686 972 1733 non
995 1664 1341 1748 egrediuntur3ge-10

122 1790 145 1842 7.
162 1786 285 1854 nerales
307 1795 411 1854 autem
434 1788 467 1853 iu
489 1807 596 1854 omnes
618 1807 669 1854 res
690 1795 785 1868 atque
811 1803 961 1870 personas
990 1788 1210 1854 extenduntur.
1255 1787 1284 1850 7.

163 1907 209 1972 De
231 1915 383 1991 quattuor
411 1906 669 1990 legumlatoribus
696 1907 793 1974 locuti
822 1925 947 1985 sumus,
977 1907 1091 1989 populo
1118 1906 1209 1990 plebe
1236 1925 1286 1978 scr

162 2033 238 2094 natu
261 2029 410 2111 principe.
459 2001 568 2110 quinto
596 2029 665 2096 loco
692 2028 763 2094 iura
792 2029 986 2094 constituunt
1015 2027 1098 2109 apud
1129 2027 1285 2098 Romanos

162 2149 375 2231 magistratus.
425 2151 531 2234 plures
553 2157 627 2216 sunt
649 2151 680 2215 hi
704 2157 735 2215 et
758 2147 891 2214 diuersi:
915 2148 1052 2229 generali
1076 2147 1198 2212 nomine
1220 2163 1284 2210 cm·

161 2289 217 2335 nes
239 2270 443 2353 magistratus
464 2268 571 2354 populi
594 2268 715 2337 romani
738 2275 899 2336 uocantur.
937 2270 1006 2333 iura
1028 2274 1133 2330 autem
1156 2264 1187 2328 hi
1210 2283 1278 2329 con·
1298 2274 1335 2326 lo

161 2391 335 2455 stituebant
355 2409 416 2457 uon
439 2409 496 2472 per
518 2391 684 2474 epistulam
699 2408 756 2456 nec
771 2409 829 2472 per
842 2391 1012 2464 decretum,
1035 2395 1083 2452 set
1102 2403 1169 2470 per
1183 2385 1282 2451 edic·

161 2514 201 2574 tu
209 2527 249 2574 m.
294 2530 447 2594 quaenam
468 2517 575 2578 autem
597 2518 647 2576 est
668 2512 750 2577 ratio
772 2529 827 2576 cur
848 2512 992 2592 princeps
1015 2515 1047 2573 et
1068 2525 1124 2588 per
1148 2505 1281 2572 decre·

161 2637 238 2694 tum
272 2635 305 2696 et
330 2649 388 2713 per
416 2632 584 2697 edictum
613 2631 682 2697 iu'ra
710 2627 838 2708 condat,
872 2621 1074 2710 magistratus
1108 2641 1183 2692 uero
1216 2643 1281 2708 per

82 2743 87 2754 '
161 2749 330 2816 edictum
353 2751 591 2818 tantummodo?
617 2749 689 2817 hinc
718 2750 800 2816 ratio
829 2755 887 2815 est.
940 2749 994 2828 qui
1020 2745 1094 2813 olim
1122 2763 1279 2812 romanam

160 2869 368 2935 condiderunt
389 2869 549 2936 ciuitatem
580 2887 711 2950 eamque
738 2877 823 2935 recte
849 2867 1017 2952 gubernari
1047 2868 1215 2935 uoluerunt
1237 2867 1281 2931 ni·
1299 2871 1338 2923 2⁰

160 2985 205 3051 hil
226 2988 258 3052 in
279 2987 401 3070 legibus
423 2989 608 3075 relinquere,
631 2987 714 3071 quod
737 2985 920 3069 reprehendi
943 2995 1058 3070 posset,
1081 2985 1280 3052 studuerunt.

159 3108 245 3190 quud
265 3108 405 3174 adsecuti
428 3115 511 3188 sunt,
533 3125 604 3175 cum
626 3109 757 3192 principi
780 3125 836 3189 per
863 3107 1022 3173 decretum
1053 3112 1085 3171 et
1113 3123 1169 3189 per
1199 3104 1281 3170 edic·

159 3237 226 3292 tum
249 3227 322 3292 iura
341 3227 476 3294 condere
497 3227 712 3309 permiserint,
734 3225 971 3310 magistratibus
998 3231 1104 3292 autem
1134 3241 1195 3290 non
1225 3223 1280 3289 ita
