3058 4890
595 423 827 496 -241-

150 613 197 680 lea
211 611 350 682 actiones
364 611 448 680 idest
459 630 517 696 par
532 609 696 682 factionem
715 611 744 680 ei
760 616 792 679 et
803 611 835 678 in
847 628 928 690 eum,
940 607 1212 694 qniheredltatem
1223 625 1272 676 re·

152 733 279 818 ceperit
293 733 382 816 qnasi
396 732 488 800 heres
503 737 595 814 esset,
611 732 688 800 dare
702 731 815 814 eoepit,
838 730 922 798 unde
942 729 990 797 ita
1004 747 1101 814 agens
1113 729 1272 796 intendat:

157 850 213 919 »Si
235 851 353 921 beres
376 871 510 934 essem,
533 857 610 920 tum
632 853 666 919 si
687 852 791 920 bunc
813 852 907 920 dare
928 849 1212 936 oporteretprr
1233 867 1272 930 en

109 992 135 1046 o.
153 972 249 1058 igitur
275 973 431 1056 quomodo
458 973 582 1041 benedis
607 973 675 1041 loco
704 973 867 1041 habeatur.
915 973 945 1038 5.
979 970 1057 1039 Cum
1086 971 1132 1038 ita
1161 987 1211 1038 res
1239 987 1274 1036 se

153 1093 321 1176 baberent,
343 1093 418 1177 quia
440 1092 550 1179 scripti
578 1093 710 1163 heredes
740 1091 925 1179 plerumque
952 1093 1017 1160 lere
1044 1091 1147 1180 rogati
1174 1095 1272 1158 totam
1307 1086 1325 1139 ⁵

153 1215 359 1284 hereditatem
381 1215 560 1296 restituere,
580 1217 622 1285 ob
644 1216 763 1283 nullum
786 1223 842 1282 aut
864 1220 949 1282 certe
970 1211 1130 1282 minimum
1152 1213 1274 1280 lucrum

154 1334 242 1404 adire
263 1337 461 1412 recusabant,
482 1336 737 1418 hereditatesque
758 1335 970 1420 repudiabant
990 1338 1087 1416 atque
1108 1334 1150 1402 ob
1171 1334 1203 1399 id
1221 1351 1275 1400 ex·

154 1455 381 1540 tinguebantur
413 1455 668 1536 fideicommissa,
707 1461 818 1543 postea
852 1454 1035 1538 Vespasiani
1072 1454 1274 1538 temporibus,

155 1577 277 1662 Pegaso
303 1583 337 1646 et
357 1576 492 1645 Pusione
519 1577 712 1658 consulibus,
740 1579 1045 1648 senatusconsultum
1071 1575 1275 1662 pegasiunum

155 1699 271 1768 lactum
294 1705 351 1780 eat¹
375 1717 437 1783 quo
459 1703 586 1767 cantum
608 1705 657 1766 est
679 1706 714 1767 ut
736 1698 782 1780 ei,
809 1700 862 1785 qui
893 1705 1021 1784 rogatus
1044 1705 1128 1767 esset
1155 1696 1276 1765 beredi-
1296 1695 1328 1749 10

156 1825 254 1888 tatem
276 1818 329 1886 alii
351 1819 529 1902 restituere,
552 1819 681 1902 perinde
703 1824 848 1906 quartam
870 1825 993 1903 partem
1007 1819 1143 1888 retinere
1157 1817 1276 1898 liceret

157 1944 252 2022 atque
274 1940 343 2024 lege
365 1940 503 2009 Falcidia
531 1960 569 2008 ex
597 1940 709 2024 legatis
738 1941 944 2022 quadrantem
972 1941 1108 2008 retinere
1135 1937 1280 2008 concedi-

157 2064 221 2127 tur.
276 2079 380 2146 neque
413 2066 535 2127 tantum
568 2080 607 2128 ex
642 2059 937 2129 fideicommissariis
971 2061 1196 2129 hereditatibus
1229 2065 1279 2126 set
1322 2077 1325 2084 ⁴

158 2180 253 2248 etiam
275 2199 312 2247 ex
335 2181 466 2262 singulis
488 2180 583 2248 rebus
605 2199 661 2264 per
682 2179 954 2247 fideicommissum
982 2179 1098 2248 relictis
1125 2178 1279 2248 eiusmodi

158 2300 292 2367 retentio
324 2318 471 2368 concessa
497 2306 555 2367 est.
605 2299 688 2381 quod
721 2300 863 2366 enimin
890 2299 1063 2367 immodicis
1089 2300 1201 2382 legatis
1229 2300 1280 2366 lex
1299 2301 1331 2355 1⁵

159 2419 297 2488 Falcidia
318 2424 375 2500 est,
398 2419 432 2486 id
454 2420 485 2487 in
507 2419 680 2488 immodicis
701 2419 945 2488 fideicommissis
967 2424 1016 2487 est
1030 2419 1280 2488 senatusconsulss

159 2546 227 2608 tum
249 2539 462 2624 pegasiannm.
504 2546 577 2625 post
597 2541 680 2624 quod
703 2544 1007 2617 sanatusconsultum
1036 2542 1128 2610 heres
1157 2547 1280 2609 tantum

159 2677 256 2727 onera
277 2659 468 2743 sustinebat,
491 2680 552 2728 non
575 2661 671 2730 etiam
700 2662 754 2745 qui
780 2661 987 2730 hereditatem
1016 2667 1186 2746 receperat
1230 2667 1281 2731 set

160 2779 279 2866 placuit
305 2781 451 2864 deinceps
479 2782 562 2849 hune
591 2781 736 2866 legatarii
762 2783 905 2867 partiarii
936 2783 1004 2850 loco
1036 2784 1155 2852 haberi.
1211 2786 1282 2850 erat

162 2901 243 2970 euim
265 2901 324 2970 boe
345 2902 519 2987 antiquitus
541 2902 684 2987 quintum
706 2902 883 2985 legatorum
902 2921 1011 2986 genus,
1033 2905 1116 2988 quod
1139 2907 1173 2971 et
1192 2921 1280 2987 par·
1298 2909 1335 2964 ao

163 3021 257 3090 titio
280 3020 446 3089 dicebatur
466 3029 562 3107 atque
589 3023 638 3090 ita
664 3023 799 3110 relinqui
826 3023 961 3093 solebat:
991 3022 1143 3090 »Titius
1165 3023 1282 3091 beres

162 3147 247 3210 esto
269 3142 501 3227 partitoque
523 3142 794 3213 hereditatem
817 3163 935 3212 meam
957 3142 1147 3213 onmSeio
1168 3149 1283 3232 parte

164 3297 367 3312 *nn—-

232 3383 255 3453 ¹)
272 3383 312 3441 ci.
329 3383 389 3442 (iai
406 3387 432 3454 4,
451 3387 494 3441 84.
