3096 4890
731 430 920 493 „5-

364 614 447 679 ούτω
461 614 594 698 μάλιστα
611 614 755 678 δοκοῦσιν
770 616 842 701 ἡμῖν
864 612 1020 678 δύνασθαι
1038 615 1262 702 χρησιμώτατα
1284 599 1384 700 παρα-

365 717 511 780 δίδοσθαι
535 722 598 792 τοῖς
620 717 762 800 (ελδέ)ναι
784 715 914 790 τούτους
937 715 1108 793 ἐθέλουσιν,
1131 716 1186 779 ἐὰν
1201 716 1272 780 κατ’
1289 717 1387 805 ἀρχὴν

366 820 493 906 ἐλαφρᾷ
520 821 568 882 καὶ
597 818 805 905 ἀπλουστέρᾳ,
826 819 908 900 μετὰ
928 822 1026 881 ταῦτα
1049 818 1085 882 δὲ
1108 817 1332 906 ἐπιμελεστέρᾳ
1354 841 1388 882 τε

366 924 414 984 καὶ
444 921 655 1007 ἀκριβεστέρα
688 920 839 1006 ἑρμηνείᾳ
872 923 905 984 ιδ
936 919 1126 984 καθέκαστον
1154 922 1257 984 αὐτῶν
1287 943 1388 1004 παρα-

366 1023 456 1108 δοθῆ.
488 1023 515 1085 ελ
535 1023 596 1105 γὰρ
620 1021 715 1098 εύθύς
736 1026 799 1084 τών
822 1021 991 1106 προοιμίων
1015 1024 1066 1084 τδν
1088 1023 1220 1095 άξέστον
1243 1023 1291 1085 καὶ
1313 1021 1388 1104 ἀβέ-

365 1123 458 1205 βαιον
481 1122 524 1186 ἔτι
545 1125 690 1208 λογισμὸν
714 1125 769 1188 τοῦ
793 1124 862 1206 περί
885 1121 981 1204 νόμου
1006 1123 1239 1199 σπουδάζοντος
1253 1126 1299 1209 τῷ
1316 1123 1391 1209 πλῆ-

366 1225 417 1289 θει
446 1251 479 1290 τε
506 1228 555 1290 καί
583 1226 713 1313 ποικιλίᾳ
742 1230 803 1289 τῶν
832 1226 1025 1309 πραγμάτων
1052 1223 1299 1311 ἐπιβαρῆσωμεν
1328 1229 1388 1289 out.

367 1327 596 1393 desiderantur.

229 1451 232 1456 ·
265 1429 347 1494 Item
361 1423 445 1513 §.2
475 1430 569 1494 huius
602 1429 686 1494 tituli
719 1452 758 1495 ex
791 1431 876 1515 Epit.
911 1428 1075 1496 commode
1103 1427 1246 1512 suppleri
1274 1432 1388 1511 potest.

216 1539 248 1589 10
368 1534 411 1615 (1,
435 1534 467 1615 5)
491 1541 523 1599 et
546 1535 617 1598 Bas.
641 1535 670 1610 2,
697 1535 724 1611 1,
750 1534 799 1597 10.

386 2108 432 2174 De
453 2109 524 2173 iure
546 2107 687 2172 naturali
709 2108 851 2190 gentium
873 2113 907 2173 et
927 2108 1023 2173 ciuili.
1067 2108 1192 2174 Titulus
1214 2111 1277 2192 λλ)

352 2264 379 2326 ⁸)
399 2261 529 2326 Φυσικὸν
554 2261 679 2346 νόμιμόν
702 2262 767 2325 ἐστι
790 2264 824 2325 τὸ
846 2263 924 2326 κατὰ
953 2265 1076 2326 πάντων
1108 2263 1199 2336 ζώων
1217 2263 1392 2350 χερσαίων,

267 2363 440 2448 ἐνύδρωνλ)
464 2365 580 2449 ἀερίων
603 2364 862 2448 ἐπεκτεινάμενον,
886 2365 985 2452 ούχίῧ)
1007 2367 1068 2450 γὰρ
1089 2365 1186 2444 μόνον
1210 2364 1320 2450 μέχρις
1341 2366 1390 2427 ἀν·

266 2469 406 2552 θρώπων
429 2467 560 2553 ἔστησεν
583 2468 603 2553 η
627 2466 720 2550 φύσις
740 2467 780 2529 τὰ
802 2468 926 2550 ἑαυτῆς,
950 2467 1026 2529 ἀλλὰ
1049 2465 1172 2539 διέταξε
1194 2467 1233 2530 τὰ
1256 2466 1391 2550 ἐναέρια,

266 2571 305 2635 τὰ
327 2571 359 2634 ἐν
383 2569 451 2656 urst)
474 2572 514 2656 γῆ
536 2569 742 2641 διετύπωσεν,
772 2568 829 2631 οῦκ
856 2568 961 2633 εἴασεν
984 2568 1060 2632 ούδὲ
1090 2568 1129 2630 τὰ
1157 2571 1221 2651 ἐνί)
1253 2567 1392 2655 θαλάττη

218 2673 250 2722 15
270 2672 428 2757 τικτόμενα
458 2677 511 2758 τῆς
539 2672 652 2745 οἰκείας
679 2669 873 2756 προμηθείας
902 2671 997 2744 ἐκτός.
1049 2670 1292 2756 Παραδείγματα
1321 2671 1391 2754 δὲθ)

268 2773 321 2838 τοῦ
349 2779 476 2858 φυσικοῦ
507 2774 634 2859 νομίμου
668 2773 805 2860 ἄρρενός
825 2796 860 2836 τε
884 2774 931 2835 καί
960 2772 1090 2860 θηλείας
1121 2774 1283 2858 συνάφεια,
1312 2775 1392 2858 ὅπερ

267 2880 356 2964 ἡμεῖς
377 2879 477 2961 γάμον
499 2876 788 2961 προσαγορεύομεν,
813 2876 900 2960 ιαίῆ
926 2876 996 2958 περὶ
1022 2874 1096 2950 τούς
1125 2874 1293 2963 τεχθέντος
1319 2877 1393 2938 ἀνα-

268 2981 371 3067 τροφῆ
405 2981 453 3042 καί
486 2980 618 3065 σπουδῆ.
667 2981 793 3064 δρῶμεν
814 2979 875 3062 γὰρ
906 2978 942 3040 οῦ
968 2977 1065 3061 μόνον
1099 2978 1289 3061 ἀνθρώπους
1315 2980 1393 3044 ἀλλὰ

269 3085 317 3146 καί
338 3083 377 3146 τὰ
398 3083 487 3147 λοιπὰ
517 3083 583 3156 ζώα
606 3081 639 3143 ἐν
660 3084 724 3154 τοῖς
745 3086 856 3166 τιμῶσι
877 3083 987 3147 τοῦτον
1016 3083 1068 3144 τὸν
1085 3080 1179 3166 νόμον
1195 3083 1392 3168 ἀναγεγραμ-

216 3180 354 3270 2(ίμένα.
398 3185 501 3272 ῆγὰρ
524 3183 617 3270 φύσις
645 3185 756 3267 ύρώσα
787 3187 820 3247 τὸ
848 3185 926 3247 καθ’
954 3183 1084 3247 ἕκαστον
1114 3191 1177 3248 τιῦν
1213 3187 1304 3260 ζώων
1334 3185 1392 3248 θα·

268 3289 352 3371 νάτφ
383 3287 609 3368 δαπανώμενον
639 3286 690 3348 διὰ
717 3289 769 3348 τοῦ
800 3286 901 3370 γάμου
935 3288 983 3348 καί
1015 3291 1071 3372 τῆς
1104 3287 1250 3353 ἐντεῦθεν
1285 3287 1391 3351 παιδο-

268 3389 367 3465 ποιίας
389 3393 515 3476 καὶτῆς
538 3391 607 3472 περὶ
628 3389 702 3464 τοὺς
725 3388 893 3476 τεχθέντος
915 3393 1051 3476 στοργῆς
1072 3413 1107 3452 τε
1128 3391 1178 3454 καί
1207 3391 1391 3477 ἀνατροφῆς

267 3494 317 3556 καὶ
338 3493 489 3578 διαδοχῆς
510 3493 563 3577 τῆν
586 3489 762 3552 ἀθανασίαν
787 3490 904 3562 τούτοις
918 3489 1147 3579 ἐμηχανήσατο.
1174 3496 1202 3556 1.
1220 3492 1394 3580 Ελρῆκαμεν
1415 3502 1437 3551 1.

269 3595 302 3656 ἐν
324 3598 388 3670 τοῖς
410 3593 625 3678 προλαβοῦσιν
647 3593 693 3654 ύτι
723 3597 785 3655 τῶν
808 3592 911 3676 νόμων
934 3594 962 3656 οί
985 3594 1044 3676 μέν
1067 3594 1125 3657 εἰσι
1152 3597 1284 3678 φυσικοί,
1308 3594 1395 3658 οἶδὲ

218 3702 252 3754 25
270 3695 392 3773 ἐθνικοὶ,
416 3697 444 3760 οἱ
467 3695 502 3758 δὲ
525 3694 677 3758 πολιτικοί.
722 3694 860 3770 εἰπόντες
882 3693 937 3758 οῦν
960 3700 1013 3759 τοῦ
1037 3707 1169 3781 φυσικοῦ
1190 3697 1318 3780 νύμουί)
1342 3698 1394 3759 τὸν

338 3866 361 3929 ¹)
379 3859 451 3931 Περὶ
470 3864 553 3927 νόμον
571 3865 685 3928 φυσικοῦ
703 3863 768 3932 (καὶ)
786 3863 898 3916 ἐθνυιυῦ
915 3864 958 3915 καλ
975 3864 1112 3918 πολιτικοῦ
1125 3865 1228 3919 addunt
1245 3864 1317 3932 libri,
1334 3862 1394 3918 edd.

269 3963 369 4004 omues.
471 3949 494 4018 2)
512 3949 554 4000 καὶ
574 3947 634 4005 add.
653 3947 682 4000 P.
701 3947 732 4003 F.
750 3947 783 4001 R.
805 3948 831 4003 d.
850 3949 898 4002 hl.
918 3948 963 4002 [ιθ.
1066 3949 1394 4016 ³)P.1.1.1.2.0u1a2

270 4034 301 4088 F.
319 4035 352 4086 ού
369 4035 402 4089 R.
504 4035 528 4099 4)
548 4033 573 4088 d.
590 4033 620 4087 P.
733 4035 756 4100 ⁶)
774 4036 811 4103 τῇ
829 4032 871 4086 ad.
884 4033 914 4086 P.
1017 4036 1040 4103 6)
1059 4035 1092 4089 du
1104 4035 1135 4090 P.
1239 4036 1262 4103 ¹)
1281 4035 1396 4098 νομίμου

269 4121 299 4177 Ρ.
317 4121 349 4175 F.
366 4120 399 4176 R.

338 4208 366 4272 υ)
383 4204 444 4275 Epi.
463 4209 488 4274 2,
505 4210 530 4260 4.
