3058 4890
691 429 923 493 -210-

249 617 358 686 τελοῦν
379 617 437 682 όπδ
460 619 513 704 τήν
535 617 592 704 σήν
615 615 830 700 δεσποτείαν;)
857 614 1118 698 συνωμολόγηται.
1171 611 1235 698 ἀρα
1265 608 1373 694 υίιδὲῑ)

251 724 304 810 τήν
330 720 498 806 διατίμησιν
521 719 630 784 τούτου
638 717 663 800 1)
692 719 832 781 ἀπαιτεῖν
862 699 997 804 δυνήσης
1028 717 1075 779 καὶ
1103 715 1164 804 χρή
1196 714 1280 778 οὕτω
1308 714 1375 778 δια-

250 823 367 897 στίζειν.
413 821 440 884 ελ
459 820 517 906 μὲν
547 820 607 883 ἀπὸ
636 817 806 905 ἀγορασίας
837 816 956 904 ἐκτήσω
986 821 1075 880 τοῦτο
1102 821 1193 880 κινῶν
1216 816 1294 879 κατὰ
1319 820 1375 880 τοῦ

250 924 442 1012 κληρονόμου
465 925 519 1010 τήν
542 942 582 988 ex
602 925 797 987 testamento
818 921 903 1007 λήψη
926 920 1013 1006 τήν1)
1037 916 1290 1005 τοῦπράγματος
1312 918 1376 982 δια·

215 1027 377 1114 οτίμησιν.
422 1025 450 1090 εί
475 1025 511 1090 δὲ
538 1025 597 1088 ἀπὸ
621 1023 746 1106 δωρεᾶς
767 1021 899 1105 γέγονας
929 1021 1038 1085 τοότου
1061 1020 1214 1107 δεσπότης
1242 1021 1262 1108 ή
1292 1023 1374 1103 καλό)

251 1131 312 1194 ἀπὸ
334 1129 477 1216 ληγοίτου,
500 1126 556 1191 οόκ
577 1127 756 1213 ἀπαιτήσεις
771 1127 805 1188 τὸ
827 1123 943 1212 τίμημα
962 1123 1013 1188 διὰ
1036 1125 1086 1187 τὸν
1110 1124 1224 1187 κανόνα
1250 1124 1304 1188 τὸν
1327 1123 1376 1187 λέ-

250 1253 359 1315 γοντα·
389 1251 428 1296 οι
457 1229 582 1294 duabus
610 1227 807 1310 luorntiuis⁵)
837 1226 941 1292 causis
976 1226 1089 1291 eadem
1124 1246 1176 1290 res
1212 1227 1375 1310 saepius⁸)

251 1333 378 1420 adquiri
400 1351 463 1398 non
488 1334 606 1415 potest.
617 1332 642 1411 ⁷)
693 1329 792 1415 τούτῳ
822 1333 869 1416 τῷ
898 1330 982 1414 λόγῳ
1009 1329 1063 1392 ἐὰν
1094 1329 1145 1410 ό1)
1174 1327 1299 1393 Primos
1327 1329 1377 1391 καὶ

251 1437 301 1520 6⁹)
325 1433 486 1502 Secfindos
508 1432 722 1519 ληγατεόσωσί
740 1457 793 1516 μοι
815 1435 849 1496 τὸ
874 1431 949 1496 αότδ
979 1437 1108 1516 πρᾶγμα
1139 1430 1205 1494 ελτα
1233 1432 1377 1517 τελευτή-

202 1554 235 1607 10
253 1561 341 1618 σωσι,
364 1539 504 1624 ζητῶμεν
526 1535 553 1599 εί
575 1539 636 1599 τῶν
658 1534 716 1598 δύο
739 1535 812 1610 τοὺς
837 1535 1050 1620 κληρονόμους
1077 1533 1209 1618 δύναμαι
1236 1534 1376 1596 ἀπαιτεῖν

252 1642 304 1705 τὸν
325 1641 466 1728 ληγότον.
511 1641 559 1702 καὶ
588 1638 716 1721 λέγομεν
744 1635 908 1717 onmem)-
939 1636 966 1701 ελ
991 1636 1050 1718 μέν
1079 1635 1115 1700 ἐκ
1139 1640 1196 1722 τής
1224 1637 1278 1698 τοῦ
1306 1637 1376 1708 ἑνὸς

251 1741 403 1828 διαθήκης
433 1738 541 1828 ἔτυχον
576 1741 685 1824 λαβὼν
722 1743 757 1803 τό
789 1745 936 1826 πρᾶγμα,
973 1738 1009 1803 έκ
1040 1743 1093 1826 τής
1124 1739 1236 1824 ἑτέρας
1267 1736 1375 1822 διαδή-

251 1863 307 1928 κης
328 1841 364 1904 οὐ
386 1842 520 1927 λήψομαι
554 1840 627 1905 οὐδὲ
660 1842 735 1906 αὐτὸ
768 1844 803 1905 τὸ
837 1845 964 1926 πρᾶγμα
998 1839 1079 1924 (πῶς
1110 1839 1172 1926 γὰρ
1206 1841 1301 1903 όπότε
1329 1859 1376 1901 τε-

252 1947 300 2008 λεῖ
337 1942 395 2006 ὑπὸ
428 1945 481 2029 τήν
520 1944 595 2029 ἐμήν
627 1943 844 2026 δεσποτείαν;)
883 1944 957 2008 οὐδὲ
990 1945 1046 2030 τήν
1078 1942 1271 2028 διατίμησιν·
1310 1941 1374 2005 ἔτυ·

204 2063 235 2114 15
249 2070 306 2135 χον
334 2045 395 2130 γὰρ
422 2047 457 2107 τδ
487 2051 614 2130 πρᾶγμα
643 2047 681 2120 ἐξ
705 2046 888 2131 ἐπικερδοῦς
915 2046 1013 2121 αλτίας
1040 2045 1240 2132 κτησάμενος.
1286 2045 1313 2109 ελ
1340 2043 1378 2107 δὲ

253 2147 408 2235 πρότερον
430 2146 465 2210 ἐκ
485 2151 541 2232 τῆς
559 2152 633 2232 μιᾶς
654 2147 807 2236 διαθήκης
829 2146 943 2231 ἔλαβον
965 2149 1021 2234 τήν
1043 2147 1230 2234 διατίμησιν,
1259 2143 1295 2210 ἐκ
1324 2150 1378 2231 τῆς

252 2249 363 2335 ἑτέρας
395 2248 562 2324 ἀκωλύτως
590 2249 750 2336 ἀπαιτήσω
785 2252 820 2313 τὸ
850 2254 987 2336 πρᾶγμα.
1040 2251 1069 2312 7.
1103 2249 1130 2316 1)
1144 2248 1184 2312 θλι
1211 2249 1309 2331 μόνον
1336 2248 1376 2311 τὰ
1393 2257 1418 2310 7.

253 2352 327 2416 ὄντα
350 2351 382 2414 ἐν
405 2351 505 2435 φύσει,
528 2352 675 2415 ἀλλὰκαὶ
697 2353 734 2416 τὰ
754 2354 798 2439 μή
821 2352 894 2416 όντα
917 2352 1099 2435 ἐλπιζόμενα
1121 2351 1157 2415 δὲ
1178 2351 1376 2434 γίνεσόαιῃ),

253 2454 360 2538 όρδῶς
382 2455 608 2541 ληγατεύομεν,
635 2453 700 2520 οἷον
727 2456 799 2531 τοὺς
831 2457 970 2542 καρποὺς
1001 2457 1073 2529 τοδς
1106 2455 1279 2539 ἐσομένους
1314 2453 1376 2516 ἀπὸ

200 2581 237 2635 20
254 2555 348 2620 τοῦδε
371 2555 424 2620 τοῦ
446 2557 546 2641 ἀγροῦ
568 2556 588 2643 λ)
610 2559 645 2620 τό
666 2558 778 2642 μέλλον
798 2557 954 2623 τίκτεσδαι
974 2557 1054 2642 έκ11)
1083 2557 1177 2645 ιήςδε
1200 2563 1256 2644 τῆς
1276 2556 1374 2639 δερα·

254 2659 371 2744 παίνης.
411 2659 440 2722 8.
462 2657 491 2724 b)
500 2657 569 2722 Ἐὰν
591 2659 647 2722 όόο
669 2663 744 2723 τισὶν
766 2659 800 2723 ἓν
820 2661 870 2724 καλ
891 2659 966 2722 αότδ
989 2659 1217 2748 ληγατεόσωῑί)
1241 2663 1369 2744 πρᾶγμα
1393 2682 1419 2733 g.

255 2758 316 2822 εἴτε
339 2759 529 2824 coniunctim
557 2759 618 2824 εἴτε
647 2759 896 2844 disiunctim¹⁴),
922 2759 1037 2826 ἔλδωσι
1065 2760 1101 2824 δὲ
1133 2761 1311 2845 ἀμφότεροι
1333 2761 1378 2836 ελς

253 2860 353 2946 τήνῑῧ)
376 2857 430 2922 τοῦ
455 2860 589 2946 ληγότου
612 2861 780 2947 ἀπαίτησιν,
804 2861 847 2935 ελς
869 2860 926 2925 δόο
947 2861 1031 2948 μέρη
1050 2860 1166 2946 μεταξὺ
1182 2861 1288 2926 αὐτῶν
1304 2885 1377 2948 τμη-

183 3028 188 3036 ,
253 2960 386 3048 θήσεται
400 2963 442 3066 Ιτὸ
465 2963 606 3049 ληγότον.
651 2964 678 3027 ελ
699 2963 735 3028 δὲ
762 2963 872 3050 ἕτερος
893 2965 1031 3052 ἀτανήση
1062 2963 1082 3051 ή
1111 2967 1221 3052 γνώμη
1252 2963 1272 3051 ή
1301 2964 1375 3052 τόγη

323 3233 396 3312 1)’δὲ
413 3233 451 3288 Μ.
584 3233 609 3301 1)
624 3237 690 3304 γοῦν
708 3235 750 3288 Μ.
868 3236 891 3301 1)
909 3235 1008 3290 τούτου
1026 3236 1077 3290 ins.
1095 3236 1139 3292 vi.
1157 3235 1190 3290 Β.
1310 3237 1335 3302 4)
1351 3236 1375 3291 d.

255 3318 298 3374 Vi.
316 3318 348 3372 R.
451 3320 474 3386 1)
491 3318 633 3374 laniatibus
651 3319 688 3373 M.
793 3321 816 3386 ⁶)
834 3320 942 3374 meltius
960 3319 1001 3373 Μ.
1102 3320 1375 3386 ²)duas1ueratiuas

256 3413 352 3458 caunas
367 3403 396 3458 in
414 3404 527 3459 eundem
544 3405 678 3460 hominem
700 3411 729 3459 et
750 3405 864 3460 eandem
892 3419 949 3459 rom
972 3419 1135 3462 concurrere
1158 3421 1211 3460 non
1235 3420 1315 3474 posse
1332 3405 1374 3460 w.

253 3489 301 3545 R.:
319 3489 385 3543 item
401 3490 463 3545 libri
480 3496 509 3544 et
525 3490 567 3545 ed.
584 3490 698 3546 addunt:
717 3491 764 3542 δόο
781 3491 837 3560 γὰρ
861 3492 998 3560 [τουτέστι
1025 3491 1074 3544 δόυ
1093 3491 1136 3546 Vi.
1154 3491 1201 3558 Β.)
1220 3491 1372 3558 ἐπικεράεἳς

256 3573 345 3634 αλτίας
362 3572 443 3635 τλςτὸ
461 3576 529 3628 αὐτὸ
547 3577 693 3644 πρόσωπον
710 3578 728 3646 ἢ
747 3576 801 3644 [καί
819 3575 863 3647 R.]
885 3577 924 3636 είς
941 3576 974 3629 τὸ
993 3576 1062 3629 αὐτὸ
1080 3578 1193 3646 πρᾶγμα
1213 3577 1373 3645 συντρέχειν

254 3659 289 3710 ob
307 3659 429 3714 δυνατόν.
472 3676 541 3728 quae
559 3677 612 3716 non
630 3661 690 3716 ideo
708 3661 810 3730 accepi,
827 3661 899 3729 quod
916 3677 970 3716 non
990 3661 1077 3717 soleat
1093 3660 1168 3715 Thus
1185 3661 1277 3716 latinis
1295 3660 1379 3714 inter-

253 3745 431 3813 pretationem
448 3745 566 3800 adioero:
585 3761 683 3814 graeca
700 3751 805 3801 tantum
821 3746 907 3801 habet
924 3747 979 3802 11⁶.
1042 3747 1066 3813 ⁸)
1083 3745 1109 3802 d.
1127 3745 1168 3800 Vi.
1187 3746 1220 3800 Β.
1273 3747 1298 3814 1)
1315 3744 1376 3800 αδδ.

254 3842 297 3882 ox.
315 3827 353 3882 Μ.
372 3829 422 3884 Ιιΰ.
530 3833 566 3899 ¹⁰)
583 3831 608 3885 d.
626 3832 692 3886 L⁶.:
712 3831 758 3900 qui
774 3838 837 3900 post
854 3847 881 3887 u.
899 3831 1025 3884 ἀπαιτεῖν
1045 3831 1095 3885 ins.
1119 3832 1263 3892 ἀτολότως.
1284 3831 1326 3885 vi.
1343 3829 1375 3884 R

254 3915 290 3979 11)
306 3915 438 3979 γενέσθαι
454 3914 516 3984 Epi.
619 3917 654 3983 11)
673 3916 727 3969 ἀπὸ
746 3916 788 3970 vi.
806 3914 839 3969 R.
945 3917 980 3984 11)
997 3917 1106 3987 -ευόή
1124 3916 1174 3971 Ιι1.
1242 3918 1278 3987 11)
1296 3913 1375 3986 ήγσυν

255 3999 530 4071 συμπεπλεγμένωςή
548 4002 717 4074 διηρημένως
734 4000 777 4056 ad.
796 4002 841 4058 Vl.
860 4001 893 4056 R.
997 4003 1033 4069 11)
1050 4001 1102 4057 Μ.;
1121 4001 1165 4054 &ui
1182 4003 1232 4071 τὴν
1250 4000 1300 4055 L1.
1312 4000 1376 4056 111⁸.

254 4081 296 4138 Vi.
314 4082 360 4138 R.:
380 4085 424 4137 ἐπὶ
441 4087 493 4137 τοῦ
509 4104 531 4140 κ,
551 4103 574 4140 τ.
593 4087 616 4140 λ.
635 4086 665 4142 F.

322 4205 350 4268 ι)
367 4202 407 4257 cf.
424 4202 485 4272 Epi.
504 4207 548 4271 υτ,
569 4209 591 4260 1.
710 4205 737 4273 b)
756 4205 849 4260 Proch.
866 4207 909 4274 οι,
929 4207 986 4261 υτ.
