3038 4884
596 395 808 462 „23-

135 581 185 648 ies
209 581 352 663 quidem,
382 583 456 665 quie
483 601 580 649 unum
602 583 819 650 tantummodo
843 601 944 665 neque
966 582 1100 666 amptius
1127 583 1201 652 licet
1232 584 1263 652 ei

135 699 191 782 qni
213 718 277 766 non
299 700 450 766 soluendo
472 708 522 766 est
543 700 692 768 heredem
714 699 893 779 instituere,
917 700 958 766 ad
988 719 1084 768 unum
1107 703 1189 768 enim
1212 721 1264 768 us·

135 837 198 900 qne
232 820 283 884 lex
315 837 404 885 suem
438 820 562 886 cohibet
594 822 653 885 ius.
705 821 901 886 necessarius
936 829 1041 887 autern
1070 819 1262 904 quinetiam

136 937 259 1004 inuitus
299 940 390 1005 heres
427 938 472 1004 fit.
534 937 569 1004 ht
608 946 713 1006 autem
754 941 804 1006 hic
840 942 933 1005 heres
971 940 999 1007 si
1039 941 1131 1007 modo
1171 959 1261 1008 nemo

135 1057 219 1124 alius
241 1077 280 1124 ex
302 1064 492 1126 testamento
518 1059 610 1125 heres
637 1059 793 1130 extiterit,
822 1065 878 1124 aut
906 1059 980 1145 qnia
1008 1078 1098 1124 nemo
1125 1059 1261 1144 scriptus
1295 1060 1313 1112 ⁵

135 1179 186 1256 sit,
210 1184 267 1244 ont
288 1177 364 1262 quia
385 1177 523 1260 scriptus
545 1178 634 1245 adire
656 1179 800 1247 noluerit.
825 1197 938 1260 magna
966 1177 1026 1246 fuit
1054 1179 1151 1262 igitur
1172 1179 1262 1246 huin·

134 1316 187 1364 sce
214 1297 292 1379 legis
325 1297 539 1379 prouidentia,
570 1306 606 1365 ut
634 1299 687 1380 qui
716 1317 779 1364 non
801 1304 907 1366 essent
936 1296 1101 1374 soluendo,
1128 1316 1261 1381 qaorum

135 1419 270 1498 quisque
302 1416 508 1482 hereditatem
545 1423 726 1497 respueret,
768 1433 894 1482 sernum
927 1435 1019 1483 snum
1049 1435 1261 1484 successorem

132 1537 304 1614 haberent,
333 1535 388 1615 qui
417 1544 450 1600 et
478 1534 687 1604 creditoribus
715 1542 799 1602 esset
819 1536 1038 1604 satisfacturus
1060 1544 1093 1601 et
1119 1535 1260 1604 debitum

132 1656 214 1737 ipsis
241 1658 398 1739 integrum
435 1656 606 1722 soluturus.
653 1659 708 1739 qui
739 1657 771 1722 ni
804 1657 837 1723 id
872 1655 1014 1735 fecisset,
1042 1656 1165 1723 heredis
1198 1663 1313 1721 non10

133 1777 274 1844 defuncti
312 1777 392 1842 hona
427 1777 590 1854 uenirent,
633 1777 718 1840 nulla
751 1775 869 1841 iniuria
901 1775 1048 1842 defuncto
1077 1774 1260 1843 adficiendo.

134 1905 168 1966 et
190 1906 323 1982 uterque
350 1897 476 1980 quidem
500 1898 685 1977 iuuabatur;
708 1896 873 1962 defunctus
896 1904 929 1962 et
949 1895 1169 1963 manumissus.
1206 1897 1260 1978 qui

135 2020 219 2084 enim
243 2037 303 2084 non
326 2016 479 2083 soluendo
501 2023 571 2082 eret
592 2015 666 2082 licet
687 2017 719 2080 in
748 2018 832 2082 serui
861 2016 964 2097 pretio
992 2015 1159 2082 facultates
1185 2034 1260 2081 snas

134 2138 308 2215 minueret,
334 2143 471 2202 attamen
499 2135 702 2220 ignominiam
730 2136 861 2201 uitabat
913 2153 1025 2202 eernus
1053 2142 1158 2202 autem
1187 2134 1261 2201 licet

133 2256 305 2338 ignominia
331 2255 533 2334 adficeretur,
564 2261 703 2322 attamen
725 2254 914 2336 ignominiae
936 2255 1110 2322 mercedem
1134 2255 1310 2320 liberta-15

92 2386 117 2436 2.
136 2385 201 2442 tem
222 2377 370 2444 habehat.
414 2376 444 2440 2.
468 2373 524 2439 Set
550 2374 611 2440 etsi
638 2375 756 2454 absque
783 2374 930 2440 libertate
958 2392 1069 2441 seruus
1097 2373 1140 2440 sit
1167 2373 1259 2439 heres

134 2499 309 2574 institutus,
331 2496 413 2562 liber
433 2494 478 2561 fit.
502 2496 586 2578 quod
609 2496 831 2562 constitutione
847 2494 995 2578 principis
1017 2495 1117 2558 nostri
1132 2498 1259 2560 contum

133 2615 323 2698 generaliter
345 2623 403 2692 est,
424 2613 492 2680 sine
514 2633 576 2683 non
599 2612 751 2679 soluendo
765 2613 833 2684 sine
853 2613 1002 2679 soluendo
1018 2611 1184 2678 defunctus
1206 2612 1258 2692 sit,

132 2754 236 2802 nouae
255 2734 458 2800 humanitatis
472 2734 603 2800 rationis
625 2735 751 2813 intuitu,
774 2740 810 2798 nt
831 2752 869 2800 ex
891 2734 959 2815 ipsa
981 2732 1048 2798 sola
1062 2733 1259 2800 institutione

133 2871 248 2920 seruus
274 2853 354 2920 liber
382 2853 506 2918 existat
559 2854 729 2918 nonenim
763 2849 960 2918 uerisimile
989 2860 1037 2918 est
1064 2871 1135 2934 eum
1165 2869 1258 2934 quem
1276 2849 1311 2901 2⁰

133 2977 195 3042 sihi
217 2991 429 3039 successorem
452 2975 518 3039 iore
539 2973 676 3049 studuit,
706 2971 838 3037 liberum
860 2990 921 3037 non
945 2989 1014 3038 esse
1036 2973 1138 3037 setin
1161 2974 1260 3037 serni·

132 3102 203 3162 tute
225 3113 352 3159 manere
374 3093 512 3159 uoluisse
534 3100 566 3157 et
592 3093 746 3157 neminem
775 3093 927 3160 bonorum
955 3110 1083 3157 snorum
1111 3092 1259 3158 heredem

90 3226 115 3277 ³·
132 3218 212 3288 inre.
257 3215 286 3280 3.
320 3213 357 3282 In
379 3213 521 3282 fraudem
543 3218 648 3280 autem
671 3211 861 3276 creditorum
884 3212 1038 3294 quomodo
1061 3212 1131 3294 quis
1151 3229 1259 3276 manu·

133 3337 261 3403 mittere
283 3332 486 3416 intellegatur
508 3334 612 3401 dicere
634 3351 712 3416 opus
735 3339 793 3398 est.
826 3331 1002 3414 etquidem
1020 3331 1167 3398 dicebant
1188 3349 1259 3400 eum

132 3457 163 3520 in
185 3455 329 3520 fraudem
351 3453 541 3522 creditorum
565 3451 800 3529 manumittere,
827 3453 881 3531 qui
907 3448 1000 3534 pluro
1028 3450 1144 3516 debeat
1165 3467 1258 3531 quom
1276 3459 1310 3512 25

133 3575 261 3642 haheat.
283 3573 337 3639 alii
357 3591 434 3638 uero
455 3571 553 3650 iilum,
577 3571 637 3650 cui,
658 3589 732 3638 cere
753 3569 855 3636 alieno
881 3570 1027 3647 deducto,
1050 3567 1129 3634 nihil
1151 3586 1258 3651 snper-

132 3693 190 3760 sit:
213 3685 304 3759 onius
320 3711 431 3775 nempe
445 3692 537 3771 hona,
566 3693 612 3756 uti
635 3709 718 3756 nnnc
740 3695 823 3766 sunt,
845 3689 886 3754 ad
909 3687 1115 3754 creditoribus
1137 3686 1260 3752 satista-

133 3815 279 3880 ciendum
302 3810 468 3890 sufficiant,
491 3811 637 3876 libertate
651 3815 756 3876 autem
773 3809 856 3886 data,
880 3807 1052 3874 creditores
1078 3805 1198 3872 lcesum
1220 3806 1283 3888 iri⁴

132 3934 304 4013 contingat,
316 3933 360 3997 ita
371 3932 559 4013 patrimonio
571 3928 732 3996 deminuto
744 3934 776 3995 et
789 3929 831 3994 ad
843 3926 1051 3994 creditoribus
1067 3926 1259 3993 satisiccien·
