2990 4884
715 398 926 462 ...66-

261 588 409 669 iube0,¹)
445 586 555 652 τόνδε
578 585 820 672 κληρονόμον
849 579 948 648 εἰναι
981 583 1146 659 κελεύω,
1169 586 1217 648 καὶ
1239 586 1376 648 καλεῖται
1486 593 1487 620 ¹

261 695 353 756 τοῦτο
383 687 526 765 ἔνστασις
554 687 789 774 κληρονόμουδ)
840 685 1068 773 ληγοιτειίομεν
1087 685 1124 749 δὲ
1151 684 1270 760 οὕτως·
1300 685 1381 769 illi⁸)

262 793 333 876 lego
355 792 464 858 decem
486 789 613 869 εοίἱθοε,
631 789 766 854 τουτέστι
780 789 882 875 τῷδε
901 775 1383 875 ληγατεόωῖνορίσματα,

263 897 312 959 καὶ
333 895 454 977 λέγεται
476 894 609 979 ληγιίτου
632 891 725 966 δόσις.
753 891 950 976 ἐπίτροπον4)
974 891 1091 967 ου’τιος·
1114 890 1204 955 illum
1226 889 1293 955 filio
1308 912 1382 958 meo

226 1004 398 1067 btutorem
425 996 483 1075 do,
518 995 654 1060 τουτέστι
688 993 801 1058 τόνδε
829 998 885 1082 τῷ
914 993 997 1081 ἐμῷ
1032 996 1133 1080 υίῷῧ)
1162 995 1382 1080 ἐπίτροπον

262 1099 407 1183 δίδωμι.
452 1099 500 1161 καί
528 1095 648 1174 λέγεται
676 1095 844 1179 ἐπιτρόπου
875 1097 970 1171 δόσις.
1021 1097 1204 1182 ἐλευθερίαν
1235 1097 1379 1180 καταλιμ-

262 1205 398 1286 πάνομεν
419 1191 536 1277 οὕτως·
556 1199 611 1265 ille
633 1219 743 1265 seruus
756 1220 846 1275 meus
861 1199 941 1265 liber
959 1206 1038 1278 esto,
1061 1200 1219 1264 τουτέστιν
1234 1202 1252 1262 ό
1269 1199 1382 1264 δεῖνα

261 1308 279 1368 ό
301 1305 391 1390 ἐμὸς
413 1303 566 1390 οἰκέτης
588 1301 807 1388 ἐλεύθερος
834 1301 951 1367 ἔστω·
974 1305 1023 1366 καί
1044 1303 1165 1385 λέγεται
1195 1301 1383 1388 ἐλευθερίας

261 1409 372 1485 δόσις..
397 1411 494 1472 ταῦτα
517 1407 553 1469 δὲ
576 1407 675 1470 πάντα
696 1406 734 1468 τὰ
752 1405 880 1494 ῥήματα
902 1405 1022 1488 λέγεται
1044 1403 1211 1487 δίτέοίαδ)
1239 1405 1382 1489 καταλιμ-

211 1522 243 1573 10
260 1514 396 1595 πάνομεν
419 1510 455 1574 δὲ
477 1511 524 1572 καί
546 1507 663 1592 ἑτέροις
682 1510 804 1596 ρημασι
820 1509 971 1595 χρηματα
996 1498 1113 1583 οἷίτιυς·
1135 1526 1212 1590 rogo
1235 1511 1269 1571 te
1285 1507 1381 1572 heres

259 1621 296 1680 ut
312 1613 373 1679 vdes
393 1611 440 1677 illi
463 1611 573 1676 decem
595 1610 730 1688 solidoS,
755 1610 907 1690 τουτέστι,
939 1613 1153 1695 παρακαλῶ
1176 1633 1220 1673 σε
1242 1608 1269 1672 ὦ
1293 1609 1378 1693 κλη-

256 1716 409 1800 ρονόμε
430 1712 492 1776 ἵνα
514 1713 595 1799 δῷς
615 1702 754 1800 τῷδε-ι
771 1713 1031 1798 νομίσματαθ)
1074 1716 1121 1776 καί
1143 1712 1265 1793 λέγεται
1287 1710 1379 1778 fidei·

258 1817 456 1884 c6mmisson.
465 1818 491 1900 ⁸)
541 1817 725 1900 ἐλευθερίαν
754 1816 821 1900 δὲδ)
856 1815 958 1892 οὕτως
985 1817 1266 1900 καταλιμπάνομεν·
1301 1835 1381 1898 rogo

258 1926 292 1985 te
312 1919 405 1986 heres
426 1926 463 1983 ut
483 1917 574 1983 illum
597 1939 724 1984 seruum
732 1921 770 2002 ¹⁰)
792 1940 898 1984 meum
919 1919 1138 1996 manumittas,
1155 1919 1301 1997 τουτέστι,
1320 1942 1380 1984 πα-

210 2047 240 2097 15
256 2022 412 2109 ρακαλῶ
435 2046 476 2086 σε
498 2021 524 2098 ὦ
546 2021 765 2108 κληρονόμε
787 2021 848 2085 ἵνα
870 2020 1378 2108 έλευθερώσηςτόνδεμου

257 2127 322 2188 τὸν
345 2125 512 2210 οἰκέτην.
538 2127 589 2188 καί
609 2125 731 2211 λέγεται
753 2116 830 2210 αὕτη
854 2124 937 2200 δόσις
959 2123 1270 2190 fideicommissarias
1292 2124 1379 2188 ἐλευ-

258 2226 377 2310 θερίας.
422 2229 458 2291 τὰ
481 2228 517 2292 δὲ
534 2229 665 2315 ῥήματα
686 2233 784 2291 ταῦτα
807 2227 850 2292 δι’
868 2227 918 2293 ’ὧν
939 2226 1205 2293 θᾶθίυόαιαιίεεοη
1220 2228 1380 2292 ἀποτελεῖ-

217 2345 219 2350 ’
256 2351 306 2394 ται
327 2329 446 2411 λέγεται
467 2329 621 2414 ρτθοέαἰα,
643 2331 783 2396 τουτέστι
805 2333 1023 2418 παρακλητικιί.
1068 2332 1149 2407 ὥςτε
1171 2328 1225 2395 οὖν
1248 2329 1377 2394 ἐλευθε-

254 2433 327 2516 ρίαν
349 2435 614 2517 καταλιμπάνομεν
636 2434 687 2498 διὰ
706 2434 764 2518 μὲν
785 2437 840 2498 τοῦ
867 2440 972 2499 msto«
997 2432 1158 2513 dirfiotan,
1190 2432 1300 2496 διὰδὲ
1323 2436 1378 2496 τοῦ

205 2555 240 2606 υο
260 2555 373 2618 ›rogo‹
398 2538 566 2618 precariam
587 2535 653 2623 ἢτοι
673 2534 998 2602 fideicommissariam
1008 2538 1046 2618 1¹)
1090 2537 1229 2621 διαφορὰ
1249 2535 1290 2600 δὲ
1312 2540 1378 2600 τῶν

257 2636 313 2707 δύο
336 2636 522 2722 ἐλευθεριῶν
553 2631 646 2725 αὕτη,
675 2641 721 2703 δτι
742 2641 761 2726 η
786 2640 844 2722 μὲν
872 2637 995 2704 ᾶίτέυία
1023 2639 1087 2723 ιίμα
1115 2641 1163 2724 τῷ
1191 2641 1244 2702 τὸν
1271 2637 1380 2702 ἐνστα-

256 2737 397 2822 θένταῑί)
429 2741 621 2826 κληρονόμον
655 2740 887 2815 καταδέξασθαι
920 2745 973 2830 την
1003 2741 1206 2829 κληρονομίαν
1229 2745 1311 2805 ποιεῖ
1343 2743 1378 2804 τδ

256 2841 371 2925 ἑαυτῆς
391 2843 441 2905 καί
461 2843 514 2905 τὸν
536 2842 655 2930 οἰκέτην
676 2844 859 2908 ἀπαλλάττει
881 2850 935 2932 τῆς
956 2843 1119 2922 δουλείας,
1151 2846 1172 2930 η
1200 2843 1235 2906 δὲ
1263 2861 1378 2926 preca·

255 2941 305 3006 ria
326 2942 423 3006 δεῖται
445 2944 493 3006 καί
514 2945 634 3028 φάκτου
656 2947 736 3018 τινὸς
757 2947 812 3008 τοῦ
832 2945 1035 3029 κληρονόμου,
1059 2945 1212 3009 τουτέστιν
1226 2943 1275 3007 ἵνα
1291 2943 1375 3008 έλευ·

204 3064 238 3116 25
256 3039 388 3132 θερώση
411 3043 504 3108 αδτδν
526 3045 575 3109 ἐπὶ
595 3046 747 3134 ἄρχοντος
766 3046 788 3134 ἢ
809 3047 856 3111 δι’
884 3049 955 3124 ἑνὸς
985 3053 1046 3112 τῶν
1074 3047 1225 3134 ἀνωτέρω
1253 3046 1375 3133 εἰρημέ-

256 3170 318 3210 νιον
340 3146 474 3229 τρόπων.
518 3147 625 3237 ἐπειδη
647 3172 697 3213 σοι
717 3153 814 3214 ταῦτα
837 3151 1095 3237 προτεθεώρηται
1124 3151 1187 3234 δρα
1209 3150 1316 3214 λοιπὸν
1339 3152 1375 3213 τὸ

256 3248 468 3333 προκείμενον.
512 3249 630 3336 εζοηται
651 3252 731 3335 δὲίἰ)
753 3255 824 3341 ημῖν
847 3245 892 3318 ὅτι
914 3254 968 3319 ἐὰν
994 3256 1047 3330 τὸν
1069 3253 1189 3340 οἰκέτην
1221 3255 1274 3317 τὸν
1298 3251 1375 3337 έμδν

255 3350 322 3416 sino
342 3350 494 3452 libertatq
513 3353 688 3439 καταλείψω
704 3355 869 3443 ἐπίτροπον
889 3359 936 3441 τῷ
952 3357 1022 3442 ἐμῷ
1038 3356 1129 3437 παιδὶ,
1145 3352 1268 3420 δίιέοέα
1285 3353 1375 3440 αἰιτῷ
1483 3390 1484 3427 ;

256 3459 425 3540 σιιυπηρῶς
446 3455 656 3542 καταφέρεται
678 3456 853 3541 ἐλευθερία.
897 3458 948 3524 διὰ
968 3463 1059 3523 τοῦτο
1086 3459 1123 3523 δὲ
1152 3457 1294 3530 ὥτέεία,
1322 3455 1372 3521 ἵνα
1483 3469 1484 3498 ἰ

202 3583 238 3635 30
252 3557 296 3641 μὴ
319 3556 421 3644 δεηθῇ
442 3559 561 3644 φοίκτυο
584 3563 638 3624 τοῦ
659 3563 870 3648 κληρονόμου,
894 3563 964 3627 ἀλλ’
987 3563 1025 3636 ἐξ
1052 3561 1148 3650 αὐτῆς
1176 3567 1232 3648 τῆς
1261 3557 1373 3647 διαθή-

322 3764 344 3828 1)
363 3762 424 3817 L1.:
442 3769 504 3818 cett.
522 3763 625 3819 addunt
641 3766 773 3820 τουτέστι.
918 3766 943 3836 ²)
960 3767 1038 3828 οδτος
1055 3765 1184 3826 ἔνστατος
1201 3762 1372 3835 κληρονόμος

253 3846 285 3900 Ρ.
385 3848 409 3913 ³)
425 3848 488 3902 huic
504 3848 537 3904 R.
638 3852 662 3918 4)
680 3869 762 3912 -πος
778 3852 808 3906 Ρ.
826 3852 935 3917 δίδομεν
954 3851 1017 3908 αδδ.
1035 3851 1067 3907 Ρ.
1084 3852 1117 3908 R.
1222 3849 1305 3919 ἰίνίςῧ
1315 3865 1369 3911 μου

253 3931 283 3985 Ρ.
384 3933 408 4001 ⁶)
426 3934 565 3987 τουτέστιν
584 3935 775 4002 ἀπεσταλμένα
791 3937 853 3992 αδδ
870 3937 920 3992 m.
1042 3939 1065 4006 ί)
1081 3940 1235 4003 νομίσματα
1252 3934 1370 3989 δέκαΡ.

253 4016 285 4074 Ρ.
302 4016 335 4073 R.
452 4019 525 4085 ⁸)-
495 4020 688 4088 -σσιὶριοςΡ,
807 4024 830 4088 ⁹)
848 4021 946 4092 itaP„
964 4023 996 4078 R.
1016 4023 1177 4092 ἐλευθερίαν
1194 4021 1283 4082 οότας
1300 4025 1366 4075 cett.

253 4102 296 4154 καί
315 4103 405 4158 ἐλιυδ.
424 4102 481 4160 οότ.
549 4108 709 4173 10)τει·ααιυ
725 4107 801 4163 illum
817 4107 860 4164 Vi
879 4108 911 4163 R
993 4112 1029 4176 11)
1045 4109 1086 4164 de.
1104 4109 1148 4166 Vi
1166 4107 1198 4164 Β.
1284 4104 1362 4174 ¹²)st-

253 4188 281 4242 έν
269 4206 383 4244 νστατον
401 4190 494 4248 m.
596 4194 674 4261 13)(1.
693 4193 722 4247 P.
