3078 4882
583 379 817 442 -177-

140 571 212 647 post
234 564 303 630 eius
326 570 457 631 mortem
480 567 657 647 quaesitum
680 573 730 634 est
748 584 790 632 an
816 566 939 634 ualeret
965 568 1125 636 eiusmodi·
1143 571 1266 636 institu-

140 687 202 768 tio;
226 691 322 768 atquc
343 685 497 768 praedicti
518 685 592 752 diui·
607 685 763 768 principes
785 668 1015 769 mscupserunt
1036 669 1163 755 seruum
1178 687 1266 756 adul·

141 805 215 870 terii
240 803 379 871 criminis
401 804 594 886 postulatum
617 824 678 873 non
701 807 980 882 iure'testamento
1003 809 1189 886 manumitti,
1212 828 1266 876 au·

139 931 268 1004 tequam
284 923 433 1010 iudicium
449 923 642 1002 absquatur,
665 924 706 992 ab
728 943 766 990 ea
785 925 854 991 ei'us
869 925 1005 1004 domina,
1021 945 1102 1010 quae
1117 932 1265 1010 tanquam

141 1043 244 1108 eidem
276 1042 397 1114 crimini
431 1043 564 1110 obnoxia
597 1062 652 1110 rea
686 1044 768 1110 iacta
802 1045 853 1110 sit.
902 1044 1011 1127 itaque
1047 1045 1204 1112 institutio
1233 1047 1266 1130 in
1301 1053 1319 1104 ὅ

142 1159 295 1227 eiusmodi
322 1178 416 1227 seruo
444 1161 559 1227 nuliius
589 1163 737 1228 momenti
756 1168 823 1238 ¹est
873 1181 942 1230 cum
974 1162 1111 1230 alienum
1139 1181 1266 1232 seruum

142 1285 229 1345 recte
252 1297 309 1346 nos
331 1280 496 1346 instituere
519 1279 697 1357 dixerimus,
720 1281 935 1347 admonendus
962 1299 999 1347 es
1026 1265 1112 1347 ilium
1143 1299 1268 1364 quoqne

142 1401 280 1467 alienum
303 1416 372 1465 esse
394 1417 531 1476 seruum,
554 1401 586 1463 iu
610 1417 672 1481 quo
695 1404 830 1466 testator
855 1399 1082 1466 usumfructum
1110 1401 1266 1486 habuerit.

103 1532 124 1580 1.
145 1526 172 1584 1.
207 1520 286 1586 Cum
309 1524 414 1586 autem
437 1537 563 1585 sernum
587 1538 690 1586 meum
712 1521 860 1586 heredem
887 1520 1049 1586 instituam
1077 1540 1147 1587 cum
1176 1521 1268 1588 liber-

143 1646 211 1707 tate
234 1642 285 1706 uel
308 1641 375 1706 sine
396 1639 543 1708 libertate
570 1640 789 1723 (nequeenim
817 1641 948 1707 interest
974 1641 1021 1706 uti
1051 1640 1168 1706 dictum
1196 1641 1268 1724 est),
1289 1643 1322 1696 10

144 1762 170 1826 si
194 1760 319 1841 quidem
341 1760 372 1825 in
395 1779 466 1826 mea
487 1759 639 1826 manserit
660 1764 817 1842 potestate
839 1760 918 1826 liber
939 1759 994 1828 fiet
1019 1766 1052 1825 et
1074 1762 1269 1848 necessarius

144 1880 252 1944 heres:
276 1879 323 1944 sin
347 1885 452 1944 autem
480 1879 687 1960 superuiuens
711 1882 899 1954 testamento
928 1898 999 1946 eum
1026 1880 1271 1956 manumiserim,

145 1997 344 2063 uoluntarius
366 1998 458 2064 heres
488 1996 557 2074 fiet,
586 2004 618 2063 et
647 1999 679 2062 iu
708 2015 766 2063 suo
795 1998 922 2064 arbitiio
952 1998 1013 2064 erit
1040 2003 1147 2064 utrum
1175 1999 1271 2064 adeat
1312 2031 1313 2034 ¹

145 2135 252 2184 necne.
297 2119 492 2184 necessarius
514 2117 596 2183 enim
618 2117 686 2183 fieri
709 2136 771 2184 non
793 2125 913 2200 potest,
941 2136 1011 2184 curn
1042 2125 1211 2198 utrumque
1227 2127 1271 2183 'ex

144 2237 262 2302 domini
284 2241 473 2302 testamento
495 2237 643 2316 consequi
665 2241 818 2319 nequeat,
847 2236 931 2301 idest
952 2235 1160 2302 hereditatem
1183 2242 1215 2301 et
1236 2235 1269 2300 li-
1291 2259 1321 2308 15

144 2359 311 2424 bertatem.
367 2355 480 2440 quodsi
513 2376 585 2424 curu
621 2375 684 2423 non
713 2358 946 2423 manumiserim
980 2364 1028 2422 set
1059 2357 1270 2434 alienauerim,

145 2479 235 2543 iussu
258 2477 333 2543 noui
356 2476 472 2542 domini
494 2477 602 2542 adiens
631 2476 678 2541 illi
700 2476 905 2542 hereditatem
928 2477 1061 2557 quaene.
1107 2494 1178 2540 nam
1201 2493 1270 2542 cum

146 2601 214 2680 ipse
237 2596 392 2664 odenatus
415 2597 457 2663 sit
478 2615 580 2680 neque
602 2597 634 2663 in
650 2614 720 2661 mea
735 2595 885 2662 manserit
898 2600 1056 2677 potestate
1071 2612 1172 2675 neque
1193 2595 1273 2660 liber

147 2735 250 2797 neque
273 2718 365 2782 heres
386 2715 456 2782 fieri
477 2723 591 2798 potest,
615 2716 689 2782 licet
710 2733 779 2781 cum
801 2715 948 2781 libertate
970 2714 1011 2778 sit
1030 2715 1203 2780 institutus.
1227 2714 1274 2779 ui·

149 2838 243 2902 detur
265 2837 347 2902 enim
371 2836 514 2901 dominus
537 2836 696 2902 destitisse
718 2855 738 2901 a
760 2835 915 2901 libertatis
937 2834 1078 2911 datione,
1109 2852 1179 2900 cum
1202 2845 1327 2930 eum-ao

148 2956 347 3022 alienauerit.
392 2955 469 3021 haec
496 2962 601 3021 autem
630 2957 668 3021 de
698 2971 790 3022 seruo
816 2961 933 3021 nostro.
982 2972 1053 3020 nam
1083 2955 1111 3018 si
1139 2955 1274 3019 alienum

148 3094 276 3142 seruum
298 3075 445 3143 heredem
468 3075 674 3150 instituerim,
705 3076 731 3140 si
754 3075 880 3157 quidem
911 3073 994 3153 apud
1024 3074 1157 3139 eundem
1181 3072 1277 3137 domi·
1317 3085 1320 3090 '

149 3214 225 3262 num
249 3195 409 3290 manserit,
432 3195 523 3261 iussu
545 3195 613 3258 eius
636 3194 848 3282 hereditatem
863 3175 971 3259 adiens
1000 3211 1068 3259 eam
1097 3193 1157 3272 ipsi
1183 3209 1277 3270 quae·

150 3316 209 3394 ric;
242 3315 291 3380 sin
318 3321 422 3383 autem
453 3315 663 3392 manumissus
695 3312 790 3380 fuerit
818 3314 893 3378 uiuo
921 3317 1072 3379 testatore
1103 3311 1153 3376 uel
1183 3311 1276 3377 etiam

150 3442 223 3515 post
245 3435 313 3500 eius
344 3441 488 3512 mortem,
518 3438 686 3513 antequam
713 3433 800 3498 iussu
828 3431 910 3496 illius
933 3430 1063 3507 adierit,
1092 3434 1167 3495 tunc
1189 3431 1276 3495 iussu
1295 3451 1328 3502 ac

152 3554 228 3620 noui
251 3539 380 3618 domini.
393 3554 480 3618 adire
502 3559 616 3634 potest.
663 3553 690 3616 si
713 3552 794 3617 enim
817 3551 891 3616 uiuo
919 3555 1070 3616 testatore
1099 3570 1118 3614 a
1144 3534 1201 3614 suo
1214 3550 1277 3618 ,do-

153 3673 238 3737 mino
261 3690 373 3737 seruus
397 3671 607 3737 manumissus
628 3670 741 3747 fuerit,
769 3669 820 3736 uel
843 3669 936 3734 etiarn
958 3675 1030 3750 post
1052 3675 1183 3734 mortem
1205 3674 1278 3733 ante
