3038 4884
559 397 767 460 ..54...

117 579 236 646 familias
258 599 316 661 per
336 581 564 663 imperatorem,
588 597 690 662 neque
710 579 942 648 filiumfamilias
957 582 1040 665 apud
1058 582 1224 665 magistra·

116 705 182 764 tum.
214 699 326 781 quibus
349 699 430 766 enim
451 706 567 766 natura
587 719 738 782 generare
765 719 827 766 non
848 700 1009 782 permisit,
1038 701 1088 767 his
1116 720 1155 768 ne
1175 702 1225 768 ius
1292 677 1295 682 ⁵

115 817 238 897 quidem,
260 825 392 884 naturae
414 819 549 900 uestigia
571 824 722 885 secutum.
767 817 853 884 nulla
882 819 963 886 enim
993 837 1065 900 spes
1095 827 1143 886 est
1172 839 1226 886 eos

114 935 216 1002 liberos
237 937 408 1018 geniturus.
453 937 551 1019 spado
573 943 695 1014 autem,
726 937 778 1002 oui
805 955 878 1018 spes
910 942 959 1003 est
984 940 1093 1005 morbo
1121 938 1225 1005 soluto

115 1073 253 1136 generare
275 1073 377 1136 posse,
400 1055 656 1137 patremfamilias
679 1061 711 1122 et
733 1055 965 1122 filiumfamilias
987 1056 1161 1138 adoptabit.
1199 1061 1225 1125 si
1259 1071 1277 1119 o

115 1179 207 1261 umen
235 1174 335 1256 spado
357 1173 588 1244 filiumfamilias
610 1176 823 1256 adoptanerit,
852 1194 922 1242 enm
950 1195 1012 1243 non
1039 1176 1170 1244 habebit
1190 1177 1224 1242 in

113 1297 267 1373 potestate,
291 1311 362 1360 oum
384 1294 552 1374 adoptatus
575 1295 699 1360 omnino
721 1300 888 1362 extraneus
910 1313 980 1362 esse
1002 1294 1124 1361 debeat.
1152 1311 1226 1376 qno

114 1411 194 1476 nodo
216 1412 299 1478 enim
321 1413 419 1493 spado
447 1431 527 1478 auus
556 1419 706 1494 paternus
736 1420 897 1480 maternus
925 1419 1127 1480 maternusue
1155 1431 1224 1480 esse
1317 1479 1318 1484 ,

112 1529 238 1610 poterit?
266 1531 330 1598 nisi
360 1531 441 1599 forte
467 1533 509 1598 sit
531 1533 587 1615 qui
616 1533 700 1599 dieat
727 1535 898 1616 spadonem
924 1552 986 1600 non
1016 1533 1104 1599 illnm
1134 1533 1225 1599 modo

112 1666 180 1730 esse,
199 1653 254 1734 qni
277 1653 318 1716 ab
344 1651 434 1717 initio
456 1670 607 1732 generare
628 1671 688 1718 non
703 1653 850 1735 potuerit,
865 1658 973 1735 speret
986 1661 1091 1721 antem
1109 1654 1175 1720 lore
1189 1659 1226 1718 nt
1244 1668 1277 1721 10

111 1771 212 1851 possit3
225 1777 276 1838 set
287 1771 381 1838 etiam
394 1790 465 1836 enm
477 1771 532 1853 qui
548 1790 620 1838 enm
634 1771 708 1837 olim
723 1791 873 1852 generare
884 1773 1023 1855 potuerit
1033 1778 1143 1854 postea
1154 1791 1226 1853 pro·

111 1895 173 1972 pter
192 1891 337 1980 morbum
358 1890 392 1954 in
420 1907 514 1970 quem
539 1890 697 1968 inciderit,
726 1891 766 1956 ad
794 1891 1011 1973 impotentiam
1039 1892 1224 1958 deducatur.

73 2008 156 2078 1o.10.
187 2009 328 2091 Septimo
349 2010 426 2076 illud
447 2027 572 2090 quoque
594 2029 756 2078 commune
778 2017 836 2085 est,
858 2011 941 2095 qnod
964 2012 996 2077 in
1018 2009 1133 2078 femina
1155 2031 1225 2079 eon-

110 2128 200 2210 tlnglt
243 2129 380 2196 feminae
403 2131 485 2195 enim
507 2146 609 2211 neque
631 2131 799 2210 adrogare,
829 2147 930 2212 neque
955 2131 1107 2212 adoptare
1129 2151 1226 2214 quen·

111 2247 173 2313 dnm
198 2257 342 2330 possunt.
389 2248 517 2332 adoptio
544 2251 625 2315 enim
653 2247 703 2314 ins
734 2249 900 2330 potestatis
928 2248 962 2312 in
989 2248 1105 2316 liberos
1133 2249 1222 2316 nobis
1242 2254 1273 2305 15

110 2366 225 2448 tribuit3
246 2369 336 2450 ipsae
357 2374 463 2433 autem
485 2386 525 2432 ne
546 2366 707 2434 naturales
728 2367 854 2447 quidem
875 2366 991 2434 liberos
1012 2367 1046 2433 in
1068 2372 1225 2449 potestate

109 2483 223 2552 habent.
269 2485 383 2551 merito
405 2484 502 2566 igitur
524 2484 640 2551 mulier
661 2486 811 2568 adoptare
833 2505 895 2552 non
916 2490 1036 2570 potest,
1060 2485 1121 2551 nisi
1143 2487 1226 2554 lorte

109 2621 141 2668 er
169 2605 367 2688 indulgentia
398 2604 547 2688 principis
580 2605 620 2670 ad
647 2604 793 2672 solatium
826 2605 995 2672 liberorum
1030 2608 1223 2671 mortuorum

108 2723 251 2804 adoptare
274 2724 361 2792 uelit.
394 2724 502 2807 itaque
523 2722 635 2790 mulier
655 2723 763 2790 liberis
785 2742 894 2790 carens
915 2743 955 2790 ne
976 2742 1034 2806 per
1054 2725 1223 2808 principale

71 2843 288 2925 rnreseriptnm
310 2842 437 2925 quidem
464 2843 615 2925 adoptare
642 2844 767 2925 poterit.
813 2845 862 2908 11.
895 2843 1027 2910 Praeter
1048 2862 1102 2910 eas
1131 2843 1221 2911 diffe-
1239 2856 1273 2909 ao

109 2962 218 3028 tertias
240 2962 320 3030 haee
341 2981 466 3046 quoqne
488 2964 632 3029 addenda
654 2969 711 3030 est.
757 2963 783 3028 si
805 2979 898 3044 quem
925 2963 957 3027 in
988 2963 1225 3046 adrogationem

109 3097 278 3164 suscepero,
301 3083 355 3162 qui
373 3080 471 3148 filium
493 3083 525 3148 in
547 3087 704 3163 potestate
726 3083 850 3162 habeat,
872 3080 955 3148 filius
978 3101 1049 3149 eum
1071 3083 1224 3164 seqnitur,

109 3204 140 3264 ut
158 3199 224 3282 ipse
248 3201 333 3282 apud
354 3219 405 3270 rue
426 3201 494 3268 looo
515 3199 573 3266 lilii
594 3202 653 3280 sit,
678 3199 761 3267 filins
787 3205 893 3267 autem
923 3200 990 3266 loeo
1019 3203 1152 3282 nepotis.
1196 3199 1224 3263 si
