3038 4884
602 378 813 442 ...27-

240 667 303 745 Qui
326 674 358 734 et
380 667 554 747 exquibus
577 666 681 733 causis
703 666 924 732 manumittere
946 684 1008 732 non
1031 671 1172 747 possunt.

619 819 742 885 Titulus
765 819 795 882 6.

231 1007 430 1090 Propositum
454 1011 503 1072 est
528 1006 561 1071 in
583 1005 803 1089 superioribus
833 1011 910 1088 quot
938 1003 1038 1070 modis
1067 1003 1271 1071 manumissio

140 1124 304 1208 procedat.
354 1126 415 1190 iam
443 1143 520 1191 uero
550 1122 777 1206 dispiciendum
806 1128 856 1188 est
882 1121 1039 1205 quomodo
1068 1139 1128 1187 non
1159 1123 1273 1205 cuique

141 1244 263 1310 nolenti
285 1244 507 1310 manumittere
529 1244 631 1311 liceat.
661 1244 714 1324 qui
744 1242 881 1308 enimin
911 1242 1053 1307 fraudem
1083 1240 1272 1308 creditorum

142 1364 348 1442 manumittit,
370 1362 447 1428 nihil
470 1363 545 1446 agit,
569 1363 645 1444 quia
672 1361 724 1427 lex
747 1361 837 1426 Aelia
859 1358 967 1425 Sentis
995 1360 1128 1441 impedit
1149 1361 1273 1426 liberta·

142 1485 218 1548 tem.
268 1482 336 1547 odit
365 1482 445 1546 enim
475 1481 531 1564 qui
561 1483 592 1546 in
622 1479 765 1545 fraudem
795 1496 902 1544 eorum
925 1497 1016 1544 snam
1035 1478 1178 1543 minuant
1200 1478 1271 1543 snb·
1307 1499 1323 1552 a

141 1601 312 1679 stantiam,
339 1601 408 1682 qni,
442 1601 629 1666 necessitate
657 1604 827 1680 urguente,
862 1597 939 1680 ipsis
972 1596 1186 1679 indigentibus
1219 1615 1272 1678 pe·

142 1722 267 1787 cuniam
298 1724 438 1784 mutuam
466 1719 620 1784 dederint.
673 1718 782 1783 eadem
810 1698 896 1783 uero¹
915 1717 980 1794 lex,
1003 1735 1084 1799 quae
1112 1715 1144 1780 id
1174 1716 1271 1782 iussa·

143 1845 211 1916 rat,
239 1839 428 1919 quibusdam
459 1837 698 1904 manumittendi
728 1839 840 1904 tribuit
867 1839 1064 1917 facultatem,
1097 1838 1169 1903 lieet
1198 1837 1271 1902 inde

144 1976 253 2024 eorum
282 1959 465 2023 minuantur
500 1959 596 2038 bona,
630 1958 713 2024 idest
740 1958 785 2023 eis
818 1959 873 2039 qui
907 1975 968 2022 non
1003 1959 1154 2023 soluendo
1188 1963 1270 2021 sunt.

144 2097 208 2144 non
244 2079 394 2144 soluendo
431 2085 481 2142 est
515 2080 565 2144 cui
597 2077 673 2143 nihil
708 2077 841 2159 amplius
875 2083 1029 2152 remanet,
1062 2095 1135 2142 aere
1169 2075 1323 2140 alian01⁰

143 2198 299 2264 deducto:
334 2197 386 2262 nel
418 2199 535 2277 etiam,
576 2216 637 2263 non
676 2194 827 2263 soluendo
861 2201 930 2274 est,
964 2196 1018 2276 qni
1051 2194 1143 2276 plura
1177 2193 1272 2259 debet

143 2334 239 2399 qnam
281 2317 386 2382 habet
450 2316 505 2396 qui
548 2335 622 2399 ergo
666 2335 727 2381 non
768 2315 918 2380 soluendo
956 2318 1058 2392 esset,
1098 2311 1189 2379 ualde
1225 2313 1270 2377 in-

143 2437 270 2502 terdum
298 2437 409 2501 anxius
437 2435 547 2516 fiebat,
581 2455 642 2501 non
672 2442 796 2501 tantum
829 2435 1025 2500 incommoda
1057 2432 1150 2498 huius
1185 2430 1271 2498 uitae

143 2556 295 2637 cogitans,
319 2572 400 2635 quse
421 2555 590 2639 aliquando
613 2561 696 2620 esset
719 2553 947 2640 quodammodo
970 2554 1146 2631 nitaturus,
1175 2569 1270 2633 quan·

144 2680 212 2740 tum
235 2693 282 2754 ea,
306 2692 387 2758 quae
408 2681 634 2756 postmortem
661 2680 767 2741 essent
785 2676 970 2751 obnentura‚
993 2672 1159 2737 reuoluens
1186 2670 1322 2753 igno-15

143 2784 336 2864 miniamque
357 2784 430 2850 inde
452 2786 513 2850 sibi
534 2785 696 2851 orituram.
740 2806 831 2853 nemo
859 2789 940 2852 enim
967 2791 1105 2872 prudens
1128 2790 1196 2856 eius
1218 2790 1272 2854 he·

144 2903 313 2969 reditatem
341 2905 485 2969 aditurus
507 2905 603 2984 foret,
634 2925 672 2971 ex
694 2925 758 2989 qna
779 2907 907 2972 adeunti
933 2907 1052 2974 nullum
1075 2909 1202 2992 quidem
1225 2908 1272 2974 lu·

143 3041 247 3098 erum,
281 3024 499 3089 innumerosae
533 3044 609 3091 uero
637 3025 771 3091 iniuriae
806 3027 919 3092 damna
956 3035 988 3094 et
1019 3028 1122 3094 litium
1154 3029 1271 3094 incom-

143 3144 237 3210 moda
260 3154 365 3211 essent
386 3148 502 3211 futura.
546 3148 670 3212 nemine
692 3146 790 3229 igitur
811 3149 963 3228 adeunte,
994 3168 1121 3214 necesse
1144 3154 1213 3214 erat
1234 3157 1272 3212 ut

143 3266 211 3332 eius
236 3265 317 3329 bona
338 3282 358 3328 a
379 3264 586 3330 creditoribus
610 3265 771 3340 uenirent,
794 3285 855 3348 quo
879 3268 945 3332 eius
974 3267 1154 3332 memoriam
1180 3267 1268 3348 igno·
1286 3288 1321 3340 20

142 3384 242 3449 minis
265 3390 347 3449 esset
362 3381 547 3462 adiicienda,
567 3402 636 3450 cum
653 3384 824 3450 creditores
847 3404 908 3452 non
924 3385 1049 3452 heredis
1065 3390 1114 3450 set
1129 3386 1269 3452 defuncti

103 3528 126 3578 1.
143 3504 227 3570 bana
249 3504 358 3568 uenire
380 3512 487 3569 essent
509 3503 634 3569 dicturi.
664 3505 692 3565 1.
716 3501 845 3569 *Suadet
867 3505 963 3585 igitur
986 3507 1024 3584 ei,
1047 3505 1102 3585 qui
1126 3525 1187 3570 non
1210 3504 1268 3570 sol·

143 3624 247 3690 nando
269 3622 321 3701 sit,
344 3621 394 3688 lex
416 3623 505 3688 Aelia
520 3623 629 3690 Sentis
651 3631 686 3689 ut
709 3625 735 3688 si
758 3643 868 3690 seruos
890 3624 1016 3704 habeat,
1038 3643 1135 3690 unum
1158 3623 1270 3689 horum

142 3761 214 3809 cum
237 3743 382 3808 libertate
403 3742 551 3808 heredem
573 3742 730 3820 instituat,
754 3744 808 3826 qui
832 3750 904 3825 post
926 3744 993 3808 eius
1016 3750 1148 3810 mortem
1165 3761 1269 3810 neces·

143 3862 228 3928 sario
252 3866 319 3929 eius
342 3863 434 3928 heres
456 3861 520 3926 fiat.
566 3862 621 3947 qui
644 3863 759 3929 dieitur
782 3865 889 3928 solus
912 3866 1177 3929 necessarius.
1220 3881 1269 3928 s0·
1286 3875 1320 3926 25
