3078 4882
691 419 922 482 -164-

247 603 337 685 βειαν
361 603 494 685 ὀφείλειν
518 605 777 688 παραφυλάττειν,
801 605 864 687 δρα
886 602 920 667 τὸ
945 603 1091 668 ἐντεῦθεν
1115 603 1265 690 ζητηθὲν,
1292 605 1373 689 ὅπερ

246 704 369 793 μετέγει
378 707 402 786 ¹)
438 708 631 791 στρατιώτου
660 709 709 770 καί
738 706 883 788 αείτύυα.
939 707 1133 791 στρατιώτης
1165 706 1198 768 ἐν
1227 706 1374 788 κάπροις

248 807 363 890 διάγων
387 806 463 872 καθ’
486 808 522 873 δν
544 808 709 895 ήβουλήθη
732 807 855 871 διέθετο
884 809 1015 891 τρόπον,
1046 805 1166 894 ἀφείθη
1195 812 1250 893 τῆς
1278 833 1372 894 στρα-

246 910 331 992 τείας
351 909 432 992 καῖέ)
456 909 664 998 ἐτελεύτησεν.
711 911 908 994 σκοπῶμενῖ)
933 911 958 972 ελ
982 909 1031 973 δεῖ
1052 914 1177 991 κρατεῖν
1199 911 1294 974 αύτοῦ
1317 912 1371 996 τήν

211 1011 404 1098 οβούλησιν.
448 1012 547 1076 καλεῖ
565 1013 624 1094 μέν
646 1036 691 1088 τις
712 1013 846 1098 ἐξετάσῃ
871 1011 924 1076 τὸν
942 1013 1073 1100 χρόνον,
1096 1012 1129 1075 ἐν
1152 1011 1180 1098 ᾦ
1201 1013 1369 1097 γέγονενί),

246 1111 437 1198 ἐρρώσθωὸ)
459 1115 508 1176 καῖ
531 1117 616 1198 παρὰ
639 1115 692 1200 τὴν
715 1114 884 1200 ἀκρίβειαν.
929 1117 957 1178 εἶ
986 1113 1023 1179 δὲ
1050 1118 1102 1178 τδν
1131 1115 1255 1198 καιρὸν,
1287 1115 1371 1201 ἐνῷ

246 1215 427 1303 ἐτελεύτησε
435 1215 471 1298 ⁶),
494 1219 549 1304 τήν
568 1218 627 1302 μὲν
649 1217 816 1304 γενομένην
839 1218 917 1281 κατὰ
939 1218 1099 1302 ἀκρίβειαν
1121 1217 1232 1305 ῖσγύειν
1253 1219 1291 1282 ου’
1313 1219 1370 1283 δεῖ.

246 1319 276 1380 τί
300 1317 372 1399 ούν;
400 1322 417 1380 ό
440 1319 689 1407 γρόνοςτέμνει
724 1320 776 1406 τήν
810 1319 1086 1406 ἀμφισβήτησινά)
1143 1319 1171 1384 εί
1202 1321 1260 1404 μὲν
1294 1320 1370 1384 εἴσω

245 1419 386 1500 ἐνιαυτοῦ
407 1423 486 1504 μετὰ
508 1423 562 1508 τήν
585 1421 695 1506 ἄφεσιν
717 1421 900 1508 ἐτελεύτησε
928 1418 1021 1507 ταγὸν
1052 1424 1097 1506 τῷ
1127 1421 1251 1507 δεκάτῳ
1278 1423 1298 1510 ή
1329 1433 1374 1509 τῷ

197 1538 228 1589 10
245 1522 402 1609 ἑνδεκάτῳ
429 1527 501 1612 μηνὶ
524 1526 745 1612 στρατιωτικήν
774 1523 817 1587 ἐτι
845 1524 957 1610 ταύτην
987 1525 1150 1588 ἀποκαλῶν
1180 1523 1214 1588 τὸ
1241 1524 1371 1615 ι’σχυρδν

245 1625 323 1712 αύτῇ
346 1626 464 1709 δίδωμι.
510 1628 538 1690 ελ
559 1626 596 1691 δὲ
615 1629 696 1712 μετὰ
719 1629 772 1714 τήν
795 1627 913 1710 ἄφεσιν,
937 1624 1078 1690 ἐνιαυτοῦ
1095 1627 1371 1712 παραδραμόντος,

243 1727 350 1814 μηκέτι
372 1727 550 1814 ἐρρώσθω·
580 1728 685 1806 ίκανδς
706 1730 766 1815 γὰρ
789 1728 826 1815 ἦν
850 1731 867 1792 δ
887 1731 1006 1814 μεταξύ
1025 1729 1143 1816 χρόνος
1172 1730 1371 1794 ἐκπαιδεῦσαι

245 1826 340 1892 αύτδν
373 1829 428 1914 τήν
462 1829 650 1913 ὀφείλουσαν
684 1815 982 1914 παραφυλάττεσθαι
1021 1833 1090 1915 περὶ
1127 1833 1184 1906 τὰς
1216 1831 1371 1919 διηθήκας

245 1931 418 2015 ἀκρίβειαν,
447 1933 526 2008 ὥςτε
555 1931 649 1995 αύτδν
679 1935 733 2019 τήν
758 1931 874 1996 ’ἑαυτοῦ
902 1931 1054 2020 διαθήκην
1082 1934 1255 2018 ἀμείῲαντα
1285 1935 1370 1998 οὕτω

195 2038 226 2088 15
245 2031 445 2096 διατίθεσθαι.
480 2035 506 2096 τί
527 2033 563 2097 δὲ
585 2035 613 2098 ελ
635 2033 759 2098 διέθετο
780 2034 839 2118 μέν
864 2057 907 2110 τις
930 2039 1159 2118 στρατιωτικῶς
1180 2035 1370 2124 ἐνεστήσατσ

244 2135 280 2198 δὲ
302 2136 493 2222 κληρονόμον
516 2135 575 2199 ύπδ
600 2137 725 2221 αἵρεσιν,
748 2135 930 2222 ἐτελεύτησε
953 2137 989 2199 δὲ
1018 2135 1092 2200 εἴσω
1119 2135 1261 2201 ἐνιαυτοῦ
1287 2140 1371 2222 μετὰ

242 2239 297 2324 τήν
328 2236 453 2321 ἄφεσιν,
484 2240 502 2326 ή
533 2237 569 2300 δὲ
598 2238 858 2324 τήςένστάσεως
889 2237 1009 2323 αἵρεσις
1036 2239 1117 2321 μετὰ
1145 2236 1199 2302 τὸν
1228 2237 1370 2303 ἐνιαυτὸν

243 2338 390 2426 ἐξήλθεν;
413 2345 577 2422 σκοπῶμεν
599 2340 627 2403 εί
646 2340 777 2422 βλάπτει
800 2343 889 2402 τοῦτο
920 2340 972 2427 τήν
1002 2339 1163 2427 διαθήκην.
1209 2343 1258 2405 καῖ
1281 2338 1370 2423 λέγο-

240 2429 300 2522 μεν
322 2443 367 2504 δτι
390 2442 550 2526 οὐδαμῶς·
575 2443 628 2528 τήν
651 2443 711 2527 γὰρ
735 2444 879 2528 τελευτήν
909 2442 1097 2525 ἀπαιτοῦμεν
1128 2441 1203 2506 εῖσω
1227 2442 1369 2506 ἐνιαυτοῦ

191 2563 225 2614 20
243 2543 387 2624 γενέσθαι
407 2546 487 2622 μετὰ
508 2546 563 2630 τήν
585 2544 698 2629 ἄφεσιν
729 2545 765 2607 ου’
791 2547 853 2630 μήν
886 2542 919 2607 τδ
948 2543 1099 2625 γενέσθαι
1127 2547 1181 2632 τήν
1210 2544 1366 2610 aditione..

242 2648 271 2711 4.
306 2645 450 2727 Παγανός
472 2670 516 2723 τις
538 2647 582 2710 διν
605 2646 731 2712 διέθετο
753 2647 839 2730 παρὰ
862 2647 915 2732 τήν
937 2646 1113 2732 ἀκρίβειαν·
1137 2648 1369 2733 ἐστρατεύσατο
1385 2657 1408 2706 4·

240 2747 319 2830 μετὰ
342 2751 446 2811 ταῦτα.
491 2749 607 2831 διάγων
631 2749 664 2812 ἐν
691 2752 837 2834 κάστροις
864 2748 1102 2833 ἀπυσφραγίσας
1131 2750 1185 2834 τήν
1214 2749 1370 2838 διαθήκην

241 2849 308 2912 τινὰ
335 2849 553 2933 προςτέθεικεν
580 2850 599 2937 ή
626 2851 705 2933 καθ’)
734 2851 885 2936 περιεῖλεν
912 2849 932 2935 ἢ
962 2852 1010 2913 καί
1035 2851 1133 2934 μόνον
1160 2851 1285 2934 ἀνέγνω
1312 2855 1368 2940 τήν

242 2950 392 3038 διαθήκην
415 2951 434 3039 ή
457 2951 579 3036 ἔπραξέ
602 2977 630 3016 τι
652 2953 760 3039 ἕτερον
782 2953 821 3025 ἐξ
840 2951 877 3015 ού
898 2950 1056 3018 ἐδείκνυτο
1085 2954 1105 3039 ή
1131 2957 1186 3018 τοῦ
1217 2959 1368 3040 στρατιώ-

191 3070 224 3121 25
242 3077 297 3118 του
329 3055 479 3142 βούλησις
510 3054 740 3138 βουλυμένουδ)
770 3055 882 3143 ταύτην
910 3047 1039 3142 λσγύειν·
1074 3054 1261 3144 ἐτελεύτησε
1287 3064 1368 3140 μετὰ

242 3154 399 3239 ταῦτα·10)
423 3156 518 3244 ἰσχύει
541 3157 589 3220 καὶ
612 3159 697 3240 παρὰ
712 3160 766 3244 τήν
780 3157 940 3239 ἀκρίβειαν
955 3159 974 3243 ή
991 3155 1125 3244 διαθήκη
1150 3161 1195 3234 ὡς
1216 3159 1279 3224 ἀπὸ
1303 3186 1367 3225 και·

243 3258 376 3342 νοτέρας
398 3261 492 3324 αύτοῦ
519 3260 704 3344 βουλήσεως
733 3259 770 3345 ἢν
799 3260 915 3341 διάγων
944 3258 981 3325 ἐν
1010 3263 1074 3334 τοῖς
1100 3264 1248 3346 κάστρυις
1278 3262 1367 3351 ἔσχεν

241 3358 292 3425 ἐπὶ
312 3364 351 3447 τῇ
372 3361 519 3448 διαθήκη.
569 3363 597 3426 5.
633 3360 835 3448 Στρατιώτης
856 3361 973 3445 διάγων
1000 3361 1037 3426 ἐν
1066 3367 1211 3448 κάοτροις
1239 3366 1366 3430 διέθετο
1383 3384 1405 3434 5.

243 3463 328 3548 παρὰ
349 3465 404 3549 τήν
427 3462 603 3549 ἀκρίβειαν·
627 3461 742 3549 ὑπέστη
763 3464 844 3545 μετὰ
867 3468 963 3528 ταῦτα
993 3465 1107 3548 capitis
1130 3466 1365 3536 deminutiona·

191 3564 262 3650 3οή
284 3565 345 3649 γὰρ
369 3565 570 3640 αύτεξούσιος
591 3566 636 3629 ὢν
659 3565 798 3630 δέδωκεν
820 3565 934 3630 ἑαυτὸν
957 3567 1001 3642 εἷς
1023 3567 1236 3650 adrogationa
1258 3569 1365 3655 ήύπε-

243 3667 364 3743 ῖούσιυς
386 3667 430 3730 ὢν
452 3667 581 3751 γέγονεν
603 3669 829 3753 emancipato&
872 3669 1037 3757 μενέτωή
1068 3669 1201 3758 διαθήκη
1230 3671 1283 3738 ἐπὶ
1311 3678 1367 3760 τῆς

310 3855 332 3916 ι)
349 3855 454 3915 μεταξὺ
472 3871 532 3922 στρ.
551 3855 595 3906 καί
612 3855 640 3919 β.
660 3856 718 3908 ἐστι
736 3855 777 3910 vi.
797 3854 830 3909 R.
937 3855 961 3922 θ)
979 3857 1003 3910 δ.
1024 3855 1067 3911 vi.
1084 3856 1134 3910 ΕΙ.
1241 3859 1266 3925 ⁸)
1286 3861 1365 3911 -οιῖ·

242 3957 293 4003 μεν
313 3938 354 3992 vi.
373 3939 421 3993 ΕΙ.
540 3941 563 4008 4)
582 3941 599 4009 ἡ
618 3941 732 4011 διαθήκη
750 3939 792 3994 ad.
814 3941 854 3997 vi.
870 3941 902 3995 R.
1028 3945 1051 4010 ι)
1071 3943 1221 4012 ἐρρῶσθαί
1236 3959 1305 4013 φημι
1322 3943 1364 3998 αδ.

243 4024 285 4081 vi.
304 4024 350 4079 R.:
369 4024 469 4076 -σθαι
488 4065 494 4078 .
513 4066 518 4078 .
537 4026 621 4096 φήσει
640 4027 688 4080 Ιι6.
767 4027 791 4094 ⁶)
809 4026 928 4081 -λεύτα
946 4029 979 4096 ιη’.
997 4027 1040 4082 R:
1062 4042 1137 4081 mox:
1154 4033 1298 4096 γεγονυῖαν
1316 4028 1364 4082 Ιιθ.

240 4111 265 4175 ¹)
283 4110 326 4162 καί
344 4107 387 4165 ad.
405 4109 446 4165 vi.
465 4109 498 4165 R.
572 4111 596 4177 8)
613 4111 638 4165 d.
657 4110 698 4167 vi.
717 4112 749 4166 R.
852 4112 875 4180 ⁹)
894 4113 927 4182 δή
946 4111 1005 4167 εδδ.
1024 4113 1067 4167 vi.
1086 4111 1127 4181 R,
1145 4112 1192 4180 qui
1209 4113 1312 4185 δηλαδή
1330 4112 1363 4180 ej.

240 4197 277 4263 ¹⁰)
294 4197 311 4265 ή
330 4197 445 4269 διαθήκη
464 4195 490 4250 h.
509 4195 525 4249 Ι.
544 4197 591 4251 Lss.
