3078 4882
604 465 835 530 -190-

68 716 79 730 ,
157 671 264 720 rurum
287 653 526 732 substitutione,
553 653 607 733 qui
637 652 688 718 uel
714 651 847 718 heredes
868 651 1050 718 scribuntur
1081 650 1133 718 uel
1160 650 1285 717 exhere-

157 772 285 850 dautur,
307 772 401 836 etiarn
423 771 463 836 ad
493 776 654 852 postumos
684 776 759 835 sunt
787 769 949 836 trabende.
990 787 1172 853 possumus
1203 769 1284 836 enim

158 890 312 974 postumia
335 887 497 970 uulgarem
519 889 725 955 substitutum
747 889 824 956 dare
851 890 910 954 hoc
936 890 1049 954 modo:
1078 897 1285 972 postumus

157 1011 252 1076 mihi
272 1009 391 1076 heres
415 1016 518 1076 esto:
541 1009 622 1076 nisi
644 1010 724 1076 erit
745 1009 816 1076 ille
838 1009 933 1074 mihi
956 1007 1074 1076 berea
1097 1009 1193 1076 esto.
1221 1029 1286 1076 nou

156 1125 195 1194 fit
215 1134 321 1195 entem
344 1129 412 1194 siue
442 1147 503 1193 nou
531 1135 696 1207 nascatur,
722 1130 791 1195 siue
818 1135 912 1198 natus
942 1135 1016 1194 ante
1046 1133 1168 1211 patrem
1195 1130 1284 1196 dece
1319 1146 1335 1196 s

158 1246 223 1310 dat.
273 1265 439 1329 possumus
468 1253 500 1312 et
527 1245 724 1330 pupillariter
759 1246 952 1314 substituere
981 1248 1039 1313 ita:
1077 1255 1284 1328 postumus
1317 1233 1321 1240 ¹

157 1367 253 1433 mihi
275 1366 389 1432 heres
412 1372 514 1432 esto:
538 1367 596 1432 aiu
619 1372 743 1432 autern
760 1367 1191 1448 impubesdecesserit,
1213 1366 1284 1434 ille

157 1487 193 1551 ei
214 1487 327 1552 heres
350 1491 446 1553 esto.
494 1486 609 1569 quibos
631 1503 824 1568 consequeus
847 1492 896 1552 cst
917 1492 954 1552 ut
983 1484 1125 1568 uulgaris
1152 1485 1284 1568 pupilla·

111 1614 136 1663 c.
155 1604 202 1669 ris
232 1604 416 1670 substitutio
445 1604 478 1670 in
508 1625 544 1670 eo
573 1622 697 1687 quoque
726 1606 884 1686 procedat.
935 1608 964 1669 5.
997 1603 1084 1670 Haec
1111 1612 1185 1672 aute
1219 1625 1283 1672 om·

157 1724 210 1789 nie
242 1727 407 1806 perspecta
438 1721 564 1791 babeas.
622 1743 695 1807 pars
729 1725 783 1790 illa
818 1727 998 1791 testamenti
1024 1725 1056 1790 in
1090 1743 1153 1806 qua
1180 1732 1335 1810 poter-10

156 1845 289 1910 familias
322 1846 383 1911 sibi
416 1846 562 1911 beredem
592 1847 728 1912 instituit
756 1846 937 1929 principalis
967 1847 1071 1920 audit;
1103 1865 1192 1939 pars
1207 1865 1281 1912 uero

155 1967 211 2031 illa
231 1967 263 2031 iu
286 1984 349 2049 qua
370 1967 526 2046 impuberi
547 1965 611 2032 filio
634 1965 809 2044 substituit,
833 1966 996 2049 pupillaris
1019 1973 1162 2033 uocatur.
1208 1985 1281 2048 pen·

156 2085 212 2150 det
234 2092 339 2151 autem
361 2105 400 2150 ex
421 2084 582 2166 principali
605 2085 785 2168 pupillaris,
812 2094 908 2168 atque
930 2105 967 2152 ex
996 2105 1034 2152 ea
1063 2085 1150 2150 uiros
1173 2085 1277 2150 sumit.

156 2221 227 2269 cum
249 2205 327 2272 haec
348 2205 406 2270 tibi
428 2212 592 2287 perspecta
614 2206 694 2283 siut,
717 2206 790 2272 uide
811 2207 886 2289 quid
909 2205 983 2272 iude
1005 2211 1168 2286 sequatur.
1203 2205 1279 2270 dixi·

156 2341 226 2388 mus
255 2341 311 2389 uos
343 2325 557 2406 impuberibus
590 2324 697 2391 liberis
731 2326 846 2391 nostris
878 2342 971 2406 posse
1004 2326 1213 2406 substituere3
1246 2325 1277 2390 id
1299 2355 1330 2406 15

156 2459 233 2506 uero
255 2441 302 2507 ita
323 2441 461 2524 intellegi
484 2450 621 2526 oportet,
649 2444 676 2508 si
699 2462 752 2511 eos
774 2443 905 2511 heredes
928 2444 1115 2522 scribamus,
1145 2446 1204 2509 hoc
1231 2450 1280 2518 est

156 2561 184 2625 si
206 2561 410 2644 principalem
432 2563 613 2628 testamenti
642 2570 762 2656 partem
790 2561 998 2629 conficiamus.
1050 2580 1123 2628 nam
1152 2562 1179 2626 si
1200 2561 1278 2628 baec

155 2659 322 2745 botoron
345 2681 456 2759 sumit,
479 2681 597 2746 inutilis
620 2688 669 2748 est
696 2680 849 2764 pupillore
877 2686 1100 2747 testamentum
1123 2700 1193 2746 cum
1216 2699 1278 2748 non

155 2798 280 2875 babeat,
304 2800 386 2866 uude
408 2802 493 2867 uires
521 2801 579 2867 sibi
610 2807 722 2866 sumat.
773 2819 847 2882 pars
878 2801 959 2866 euim
988 2801 1218 2881 quodammodo
1246 2809 1279 2866 et

156 2919 284 2998 sequela
312 2919 492 3001 principalis
520 2921 619 3001 partis
648 2921 811 3002 pupillaris
838 2926 902 3002 est3
932 2920 1142 2986 accessorium
1171 2927 1283 2988 autem
1296 2944 1330 2996 ao

156 3038 290 3104 inueniri
320 3039 442 3120 nequit,
478 3039 540 3104 uisi
569 3046 601 3104 et
636 3040 807 3122 principale
840 3039 1000 3106 subsistat
1060 3041 1138 3106 adeo
1172 3043 1278 3106 autem

154 3155 311 3239 pupillare
332 3162 555 3224 testamentum
577 3157 651 3223 iude
672 3159 756 3224 uires
772 3158 894 3240 occipit,
917 3167 954 3225 ut
968 3160 996 3226 si
1009 3158 1189 3240 principalis
1204 3177 1278 3240 pars

37 3293 40 3296 ·
155 3295 217 3344 nou
249 3277 353 3342 ualeat
384 3296 484 3360 neque
518 3278 684 3361 pupillaris
717 3279 879 3344 subsistat
929 3277 1012 3361 finge
1041 3278 1125 3344 enim
1152 3279 1280 3359 proprio

155 3415 251 3463 mauu
265 3416 327 3463 non
343 3399 505 3478 scripsisse
519 3396 675 3478 quendam
691 3398 722 3464 in
737 3399 900 3482 principali
913 3405 1004 3481 parte
1018 3397 1142 3464 heredis
1156 3414 1279 3474 nomeu,

154 3515 187 3581 id
209 3523 316 3582 autem
339 3518 369 3582 in
392 3518 537 3600 pupillari
564 3516 689 3596 secuse,
720 3535 782 3583 uon
810 3519 881 3584 ideo
911 3518 1077 3584 roboratur
1103 3516 1278 3600 pupillaris,
1296 3544 1329 3595 25

111 3641 226 3702 boum
249 3636 429 3719 principalis
450 3637 618 3702 inritauit.
664 3639 693 3701 6.
728 3635 899 3704 Possumus
927 3655 1052 3720 quoque
1079 3655 1149 3703 cum
1172 3636 1278 3719 plures
1337 3611 1339 3616 ⁵

155 3753 272 3820 liberos
293 3755 472 3835 impuberes
494 3754 674 3836 babeamus,
696 3756 827 3838 singulis
849 3754 1049 3840 pupillariter
1074 3756 1279 3835 substituere,

156 3872 208 3939 uel
231 3873 259 3938 ei
282 3875 498 3942 tautummodo
518 3875 772 3958 quipostremus
795 3877 934 3942 decedat
976 3882 1025 3942 set
1046 3876 1073 3940 si
1096 3875 1189 3942 uelim
1211 3874 1279 3940 uul-

155 3994 219 4059 lom
241 3992 340 4058 lilium
362 3993 557 4076 impuberem
577 3997 758 4070 intestatum
787 3995 954 4072 decedere,
981 3993 1112 4076 singulis
1138 3994 1280 4076 speciali·
