<?xml version="1.0" encoding="UTF-8"?>
<!DOCTYPE html PUBLIC "-//W3C//DTD XHTML 1.0 Transitional//EN"
    "http://www.w3.org/TR/xhtml1/DTD/xhtml1-transitional.dtd">
<html xmlns="http://www.w3.org/1999/xhtml" xml:lang="en" lang="en">
 <head>
  <title>
</title>
<meta http-equiv="Content-Type" content="text/html;charset=utf-8" />
  <meta name='ocr-system' content='tesseract 3.04.00' />
  <meta name='ocr-capabilities' content='ocr_page ocr_carea ocr_par ocr_line ocrx_word'/>
</head>
<body>
  <div class='ocr_page' id='page_1' title='image "./institutionumgr00linggoog_0480.png"; bbox 0 0 3058 4890; ppageno 0'>
   <div class='ocr_carea' id='block_1_1' title="bbox 708 397 937 458">
    <p class='ocr_par' dir='ltr' id='par_1_1' title="bbox 708 397 937 458">
     <span class='ocr_line' id='line_1_1' title="bbox 708 397 937 458; baseline 0.004 -1"><span class='ocrx_word' id='word_1_1' title='bbox 708 430 747 443; x_wconf 92' lang='lat'>-</span> <span class='ocrx_word' id='word_1_2' title='bbox 792 397 937 458; x_wconf 77' lang='lat'><strong>224-</strong></span> 
     </span>
    </p>
   </div>
   <div class='ocr_carea' id='block_1_2' title="bbox 191 579 1432 3538">
    <p class='ocr_par' dir='ltr' id='par_1_2' title="bbox 191 579 1432 3538">
     <span class='ocr_line' id='line_1_2' title="bbox 266 579 1383 668; baseline 0 -24"><span class='ocrx_word' id='word_1_3' title='bbox 266 581 348 646; x_wconf 84' lang='grc' dir='ltr'><em>ἕντι</em></span> <span class='ocrx_word' id='word_1_4' title='bbox 372 587 433 646; x_wconf 84' lang='grc' dir='ltr'><em>τῶν</em></span> <span class='ocrx_word' id='word_1_5' title='bbox 463 581 685 668; x_wconf 79' lang='grc' dir='ltr'><em>εἰρημένων,η</em></span> <span class='ocrx_word' id='word_1_6' title='bbox 714 580 853 657; x_wconf 82' lang='grc' dir='ltr'><em>ἔνστασις</em></span> <span class='ocrx_word' id='word_1_7' title='bbox 881 579 1029 648; x_wconf 79' lang='grc' dir='ltr'><em>ε’ντεῦδεν</em></span> <span class='ocrx_word' id='word_1_8' title='bbox 1056 581 1110 646; x_wconf 73' lang='lat' dir='ltr'><em>obn</em></span> <span class='ocrx_word' id='word_1_9' title='bbox 1136 580 1304 666; x_wconf 79' lang='grc' dir='ltr'><strong><em>ἀκυροῦται</em></strong></span> <span class='ocrx_word' id='word_1_10' title='bbox 1334 583 1383 645; x_wconf 80' lang='grc' dir='ltr'><em>καί</em></span> 
     </span>
     <span class='ocr_line' id='line_1_3' title="bbox 265 683 1379 771; baseline -0.002 -23"><span class='ocrx_word' id='word_1_11' title='bbox 265 686 399 761; x_wconf 89' lang='grc' dir='ltr'><em>εἰκότως.</em></span> <span class='ocrx_word' id='word_1_12' title='bbox 445 687 482 749; x_wconf 85' lang='grc' dir='ltr'><em>τὰ</em></span> <span class='ocrx_word' id='word_1_13' title='bbox 508 686 568 770; x_wconf 81' lang='grc' dir='ltr'><em>γὰρ</em></span> <span class='ocrx_word' id='word_1_14' title='bbox 595 685 731 769; x_wconf 81' lang='grc' dir='ltr'><em>ὀνόματα</em></span> <span class='ocrx_word' id='word_1_15' title='bbox 758 686 927 771; x_wconf 74' lang='grc' dir='ltr'><em>δηλώσεως</em></span> <span class='ocrx_word' id='word_1_16' title='bbox 956 685 1046 749; x_wconf 80' lang='grc' dir='ltr'><em>ἕνεκα</em></span> <span class='ocrx_word' id='word_1_17' title='bbox 1072 689 1135 748; x_wconf 83' lang='grc' dir='ltr'><em>τῶν</em></span> <span class='ocrx_word' id='word_1_18' title='bbox 1164 683 1344 769; x_wconf 71' lang='grc' dir='ltr'><em>ἀνθρώπων</em></span> <span class='ocrx_word' id='word_1_19' title='bbox 1354 686 1379 766; x_wconf 93' lang='lat'><em>¹)</em></span> 
     </span>
     <span class='ocr_line' id='line_1_4' title="bbox 264 785 1381 875; baseline -0.003 -25"><span class='ocrx_word' id='word_1_20' title='bbox 264 787 470 875; x_wconf 79' lang='grc' dir='ltr'><em>ἐπινενόηται·</em></span> <span class='ocrx_word' id='word_1_21' title='bbox 504 788 532 852; x_wconf 89' lang='grc' dir='ltr'><em>εἰ</em></span> <span class='ocrx_word' id='word_1_22' title='bbox 559 787 595 851; x_wconf 80' lang='grc' dir='ltr'><em>δὲ</em></span> <span class='ocrx_word' id='word_1_23' title='bbox 628 787 759 851; x_wconf 89' lang='grc' dir='ltr'><em>δννατδν</em></span> <span class='ocrx_word' id='word_1_24' title='bbox 787 785 826 858; x_wconf 77' lang='grc' dir='ltr'><em>ἑξ</em></span> <span class='ocrx_word' id='word_1_25' title='bbox 847 786 957 872; x_wconf 85' lang='grc' dir='ltr'><em>ἑτέρον</em></span> <span class='ocrx_word' id='word_1_26' title='bbox 987 785 1184 872; x_wconf 83' lang='grc' dir='ltr'><em>οίονδηποτεΙ</em></span> <span class='ocrx_word' id='word_1_27' title='bbox 1197 787 1315 870; x_wconf 79' lang='grc' dir='ltr'><em>τρόπον</em></span> <span class='ocrx_word' id='word_1_28' title='bbox 1346 789 1381 848; x_wconf 82' lang='grc' dir='ltr'><em>τό</em></span> 
     </span>
     <span class='ocr_line' id='line_1_5' title="bbox 264 886 1381 976; baseline -0.001 -25"><span class='ocrx_word' id='word_1_29' title='bbox 264 889 460 975; x_wconf 82' lang='grc' dir='ltr'><em>ὑποκείμενον</em></span> <span class='ocrx_word' id='word_1_30' title='bbox 489 890 722 976; x_wconf 71' lang='grc' dir='ltr'><em>καταληφθῆναι</em></span> <span class='ocrx_word' id='word_1_31' title='bbox 751 890 932 973; x_wconf 90' lang='grc' dir='ltr'><em>πρόσωπον,</em></span> <span class='ocrx_word' id='word_1_32' title='bbox 968 888 1097 971; x_wconf 79' lang='grc' dir='ltr'><em>οὐδεμία</em></span> <span class='ocrx_word' id='word_1_33' title='bbox 1129 886 1213 952; x_wconf 85' lang='grc' dir='ltr'><em>ἔσται</em></span> <span class='ocrx_word' id='word_1_34' title='bbox 1241 887 1381 974; x_wconf 88' lang='grc' dir='ltr'><em>διαφορὰ</em></span> 
     </span>
     <span class='ocr_line' id='line_1_6' title="bbox 229 984 1432 1078; baseline -0.007 -18"><span class='ocrx_word' id='word_1_35' title='bbox 229 992 337 1060; x_wconf 76' lang='grc' dir='ltr'><em>ὀοόδὲ</em></span> <span class='ocrx_word' id='word_1_36' title='bbox 357 993 465 1077; x_wconf 76' lang='grc' dir='ltr'><em>βλάβη</em></span> <span class='ocrx_word' id='word_1_37' title='bbox 486 993 521 1056; x_wconf 83' lang='grc' dir='ltr'><em>ἐκ</em></span> <span class='ocrx_word' id='word_1_38' title='bbox 543 997 597 1078; x_wconf 80' lang='grc' dir='ltr'><em>τῆς</em></span> <span class='ocrx_word' id='word_1_39' title='bbox 618 995 688 1074; x_wconf 83' lang='grc' dir='ltr'><em>περί</em></span> <span class='ocrx_word' id='word_1_40' title='bbox 713 991 749 1054; x_wconf 86' lang='grc' dir='ltr'><em>τό</em></span> <span class='ocrx_word' id='word_1_41' title='bbox 776 990 875 1074; x_wconf 83' lang='grc' dir='ltr'><em>ὄνομα</em></span> <span class='ocrx_word' id='word_1_42' title='bbox 904 993 1030 1076; x_wconf 82' lang='grc' dir='ltr'><em>πλάνης.</em></span> <span class='ocrx_word' id='word_1_43' title='bbox 1074 990 1124 1054; x_wconf 87' lang='grc'><em>30.</em></span> <span class='ocrx_word' id='word_1_44' title='bbox 1152 984 1251 1053; x_wconf 81' lang='grc' dir='ltr'><em>Ἔοικε</em></span> <span class='ocrx_word' id='word_1_45' title='bbox 1279 990 1381 1074; x_wconf 86' lang='grc' dir='ltr'><em>τοότῳ</em></span> <span class='ocrx_word' id='word_1_46' title='bbox 1389 1001 1432 1053; x_wconf 77' lang='lat'><em>³0.</em></span> 
     </span>
     <span class='ocr_line' id='line_1_7' title="bbox 264 1093 1381 1181; baseline -0.001 -24"><span class='ocrx_word' id='word_1_47' title='bbox 264 1095 414 1181; x_wconf 82' lang='grc' dir='ltr'><em>τῷλόγῳ</em></span> <span class='ocrx_word' id='word_1_48' title='bbox 436 1094 590 1168; x_wconf 83' lang='grc' dir='ltr'><em>ἐκείνοςδ</em></span> <span class='ocrx_word' id='word_1_49' title='bbox 620 1096 721 1157; x_wconf 84' lang='grc' dir='ltr'><em>κανὼν</em></span> <span class='ocrx_word' id='word_1_50' title='bbox 748 1096 766 1157; x_wconf 88' lang='grc' dir='ltr'><em>δ</em></span> <span class='ocrx_word' id='word_1_51' title='bbox 795 1093 894 1176; x_wconf 91' lang='grc' dir='ltr'><em>λέγων</em></span> <span class='ocrx_word' id='word_1_52' title='bbox 925 1093 1058 1157; x_wconf 79' lang='lat' dir='ltr'><strong>»false</strong></span> <span class='ocrx_word' id='word_1_53' title='bbox 1087 1093 1381 1157; x_wconf 74' lang='lat' dir='ltr'><strong>demonstratio</strong></span> 
     </span>
     <span class='ocr_line' id='line_1_8' title="bbox 262 1195 1380 1282; baseline -0.004 -21"><span class='ocrx_word' id='word_1_54' title='bbox 262 1197 439 1282; x_wconf 77' lang='lat' dir='ltr'><strong>legatum</strong></span> <span class='ocrx_word' id='word_1_55' title='bbox 462 1216 538 1262; x_wconf 88' lang='lat' dir='ltr'><em>non</em></span> <span class='ocrx_word' id='word_1_56' title='bbox 560 1196 795 1280; x_wconf 80' lang='lat' dir='ltr'><strong>peremit.‹²)</strong></span> <span class='ocrx_word' id='word_1_57' title='bbox 840 1196 977 1282; x_wconf 77' lang='grc' dir='ltr'><em>ὀφείλεις</em></span> <span class='ocrx_word' id='word_1_58' title='bbox 999 1197 1058 1279; x_wconf 89' lang='grc' dir='ltr'><em>γὰρ</em></span> <span class='ocrx_word' id='word_1_59' title='bbox 1081 1195 1195 1259; x_wconf 82' lang='grc' dir='ltr'><em>εἰδέναι</em></span> <span class='ocrx_word' id='word_1_60' title='bbox 1217 1196 1263 1258; x_wconf 88' lang='grc' dir='ltr'><em>ότι</em></span> <span class='ocrx_word' id='word_1_61' title='bbox 1284 1195 1380 1278; x_wconf 84' lang='grc' dir='ltr'><em>παρέ·</em></span> 
     </span>
     <span class='ocr_line' id='line_1_9' title="bbox 263 1297 1378 1385; baseline -0.003 -21"><span class='ocrx_word' id='word_1_62' title='bbox 263 1323 350 1364; x_wconf 88' lang='grc' dir='ltr'><em>πεται</em></span> <span class='ocrx_word' id='word_1_63' title='bbox 372 1305 435 1374; x_wconf 82' lang='grc' dir='ltr'><em>τοῖς</em></span> <span class='ocrx_word' id='word_1_64' title='bbox 456 1301 598 1385; x_wconf 88' lang='grc' dir='ltr'><em>ληγάτοις</em></span> <span class='ocrx_word' id='word_1_65' title='bbox 627 1300 700 1363; x_wconf 92' lang='grc' dir='ltr'><em>πότε</em></span> <span class='ocrx_word' id='word_1_66' title='bbox 726 1300 784 1383; x_wconf 84' lang='grc' dir='ltr'><em>μὲν</em></span> <span class='ocrx_word' id='word_1_67' title='bbox 813 1299 1071 1366; x_wconf 77' lang='lat' dir='ltr'><strong>demonstratimn</strong></span> <span class='ocrx_word' id='word_1_68' title='bbox 1102 1299 1175 1362; x_wconf 87' lang='grc' dir='ltr'><em>πότε</em></span> <span class='ocrx_word' id='word_1_69' title='bbox 1205 1298 1242 1361; x_wconf 82' lang='grc' dir='ltr'><em>δὲ</em></span> <span class='ocrx_word' id='word_1_70' title='bbox 1271 1297 1378 1361; x_wconf 66' lang='grc' dir='ltr'><em>ναίων.</em></span> 
     </span>
     <span class='ocr_line' id='line_1_10' title="bbox 191 1401 1378 1489; baseline -0.002 -23"><span class='ocrx_word' id='word_1_71' title='bbox 191 1447 193 1450; x_wconf 94' lang='grc'>-</span> <span class='ocrx_word' id='word_1_72' title='bbox 261 1401 519 1468; x_wconf 80' lang='lat' dir='ltr'><strong>demonstretiwn</strong></span> <span class='ocrx_word' id='word_1_73' title='bbox 552 1401 589 1465; x_wconf 87' lang='grc' dir='ltr'><em>δέ</em></span> <span class='ocrx_word' id='word_1_74' title='bbox 617 1403 683 1465; x_wconf 85' lang='grc' dir='ltr'><em>ἐστι</em></span> <span class='ocrx_word' id='word_1_75' title='bbox 710 1403 845 1489; x_wconf 76' lang='grc' dir='ltr'><em>δήλωσις</em></span> <span class='ocrx_word' id='word_1_76' title='bbox 878 1403 1077 1486; x_wconf 88' lang='grc' dir='ltr'><em>πράγματος,</em></span> <span class='ocrx_word' id='word_1_77' title='bbox 1111 1401 1129 1462; x_wconf 83' lang='grc' dir='ltr'><em>δ</em></span> <span class='ocrx_word' id='word_1_78' title='bbox 1160 1402 1378 1485; x_wconf 86' lang='grc' dir='ltr'><em>ληγατεόεται·</em></span> 
     </span>
     <span class='ocr_line' id='line_1_11' title="bbox 215 1503 1380 1592; baseline 0.003 -28"><span class='ocrx_word' id='word_1_79' title='bbox 215 1513 245 1564; x_wconf 85' lang='lat'><em>10</em></span> <span class='ocrx_word' id='word_1_80' title='bbox 262 1504 326 1567; x_wconf 85' lang='grc' dir='ltr'><em>οἷον</em></span> <span class='ocrx_word' id='word_1_81' title='bbox 348 1504 535 1591; x_wconf 85' lang='grc' dir='ltr'><em>έληγάτεοσέ</em></span> <span class='ocrx_word' id='word_1_82' title='bbox 556 1527 602 1579; x_wconf 84' lang='grc' dir='ltr'><em>τις</em></span> <span class='ocrx_word' id='word_1_83' title='bbox 623 1503 723 1578; x_wconf 77' lang='grc' dir='ltr'><em>οὕτως</em></span> <span class='ocrx_word' id='word_1_84' title='bbox 745 1505 856 1568; x_wconf 88' lang='grc' dir='ltr'><em>εἰπών·</em></span> <span class='ocrx_word' id='word_1_85' title='bbox 883 1503 1047 1592; x_wconf 78' lang='grc' dir='ltr'><em>»Στίχον</em></span> <span class='ocrx_word' id='word_1_86' title='bbox 1072 1507 1134 1568; x_wconf 86' lang='grc' dir='ltr'><em>τὸν</em></span> <span class='ocrx_word' id='word_1_87' title='bbox 1161 1504 1251 1588; x_wconf 81' lang='grc' dir='ltr'><em>ἐμὸν</em></span> <span class='ocrx_word' id='word_1_88' title='bbox 1275 1505 1380 1568; x_wconf 91' lang='grc' dir='ltr'><em>οἰκέ-</em></span> 
     </span>
     <span class='ocr_line' id='line_1_12' title="bbox 262 1608 1379 1694; baseline -0.003 -22"><span class='ocrx_word' id='word_1_89' title='bbox 262 1632 325 1693; x_wconf 88' lang='grc' dir='ltr'><em>την</em></span> <span class='ocrx_word' id='word_1_90' title='bbox 348 1610 411 1671; x_wconf 91' lang='grc' dir='ltr'><em>τδν</em></span> <span class='ocrx_word' id='word_1_91' title='bbox 434 1608 844 1692; x_wconf 83' lang='grc' dir='ltr'><em>οἰκογενῆληγατεόω</em></span> <span class='ocrx_word' id='word_1_92' title='bbox 872 1608 1007 1692; x_wconf 73' lang='grc' dir='ltr'><em>Τιτίῳ(</em></span> <span class='ocrx_word' id='word_1_93' title='bbox 1050 1608 1205 1694; x_wconf 77' lang='grc' dir='ltr'><em>χρησιμων</em></span> <span class='ocrx_word' id='word_1_94' title='bbox 1229 1609 1263 1669; x_wconf 83' lang='grc' dir='ltr'><em>τὸ</em></span> <span class='ocrx_word' id='word_1_95' title='bbox 1285 1608 1379 1692; x_wconf 90' lang='grc' dir='ltr'><em>ληγα-</em></span> 
     </span>
     <span class='ocr_line' id='line_1_13' title="bbox 263 1707 1375 1797; baseline 0.001 -24"><span class='ocrx_word' id='word_1_96' title='bbox 263 1734 327 1788; x_wconf 92' lang='grc' dir='ltr'><em>τον,</em></span> <span class='ocrx_word' id='word_1_97' title='bbox 351 1710 379 1773; x_wconf 87' lang='grc' dir='ltr'><em>εἰ</em></span> <span class='ocrx_word' id='word_1_98' title='bbox 407 1711 485 1791; x_wconf 55' lang='grc' dir='ltr'><em>καλέ)</em></span> <span class='ocrx_word' id='word_1_99' title='bbox 514 1711 531 1772; x_wconf 90' lang='grc' dir='ltr'><em>ό</em></span> <span class='ocrx_word' id='word_1_100' title='bbox 555 1707 664 1797; x_wconf 79' lang='grc' dir='ltr'><em>Στῖχος</em></span> <span class='ocrx_word' id='word_1_101' title='bbox 694 1709 747 1773; x_wconf 84' lang='grc' dir='ltr'><em>οὐκ</em></span> <span class='ocrx_word' id='word_1_102' title='bbox 777 1709 813 1795; x_wconf 79' lang='grc' dir='ltr'><em>ἦν</em></span> <span class='ocrx_word' id='word_1_103' title='bbox 843 1710 1013 1796; x_wconf 76' lang='grc' dir='ltr'><em>οἰκογενὴς,</em></span> <span class='ocrx_word' id='word_1_104' title='bbox 1045 1710 1113 1772; x_wconf 80' lang='grc' dir='ltr'><em>ἀλλ’</em></span> <span class='ocrx_word' id='word_1_105' title='bbox 1141 1709 1178 1781; x_wconf 79' lang='grc' dir='ltr'><em>ἐξ</em></span> <span class='ocrx_word' id='word_1_106' title='bbox 1204 1708 1375 1794; x_wconf 76' lang='grc' dir='ltr'><em>ἀγορασίαις</em></span> 
     </span>
     <span class='ocr_line' id='line_1_14' title="bbox 261 1809 1377 1900; baseline -0.001 -25"><span class='ocrx_word' id='word_1_107' title='bbox 261 1812 354 1876; x_wconf 79' lang='grc' dir='ltr'><em>αὐτὸν</em></span> <span class='ocrx_word' id='word_1_108' title='bbox 375 1809 514 1900; x_wconf 49' lang='grc' dir='ltr'><em>ἔαγενέ)</em></span> <span class='ocrx_word' id='word_1_109' title='bbox 539 1810 557 1898; x_wconf 76' lang='grc' dir='ltr'><strong><em>ὴ</em></strong></span> <span class='ocrx_word' id='word_1_110' title='bbox 579 1813 627 1874; x_wconf 82' lang='grc' dir='ltr'><em>καὶ</em></span> <span class='ocrx_word' id='word_1_111' title='bbox 649 1810 750 1886; x_wconf 79' lang='grc' dir='ltr'><em>οὕτως</em></span> <span class='ocrx_word' id='word_1_112' title='bbox 772 1810 853 1874; x_wconf 86' lang='grc' dir='ltr'><em>εἰπε·</em></span> <span class='ocrx_word' id='word_1_113' title='bbox 888 1809 1044 1898; x_wconf 76' lang='grc' dir='ltr'><em>»Στίχον</em></span> <span class='ocrx_word' id='word_1_114' title='bbox 1074 1815 1134 1874; x_wconf 88' lang='grc' dir='ltr'><em>τδν</em></span> <span class='ocrx_word' id='word_1_115' title='bbox 1157 1813 1313 1899; x_wconf 91' lang='grc' dir='ltr'><em>οἰκέτην</em></span> <span class='ocrx_word' id='word_1_116' title='bbox 1335 1813 1377 1875; x_wconf 87' lang='grc' dir='ltr'><em>δν</em></span> 
     </span>
     <span class='ocr_line' id='line_1_15' title="bbox 261 1913 1378 2002; baseline -0.001 -24"><span class='ocrx_word' id='word_1_117' title='bbox 261 1914 332 1978; x_wconf 85' lang='grc' dir='ltr'><em>ἀπὸ</em></span> <span class='ocrx_word' id='word_1_118' title='bbox 354 1913 450 1979; x_wconf 79' lang='lat' dir='ltr'><strong>Seiu</strong></span> <span class='ocrx_word' id='word_1_119' title='bbox 470 1915 651 1999; x_wconf 77' lang='grc' dir='ltr'><em>ἠγόρασα</em></span> <span class='ocrx_word' id='word_1_120' title='bbox 673 1914 875 2000; x_wconf 90' lang='grc' dir='ltr'><em>ληγατεόω</em></span> <span class='ocrx_word' id='word_1_121' title='bbox 904 1915 1049 1999; x_wconf 86' lang='grc' dir='ltr'><em>Τιτίῳι,</em></span> <span class='ocrx_word' id='word_1_122' title='bbox 1072 1914 1178 2002; x_wconf 76' lang='grc' dir='ltr'><em>ἔτυχον</em></span> <span class='ocrx_word' id='word_1_123' title='bbox 1197 1914 1267 1998; x_wconf 59' lang='grc' dir='ltr'><em>δὲ’)</em></span> <span class='ocrx_word' id='word_1_124' title='bbox 1284 1915 1378 1978; x_wconf 77' lang='grc' dir='ltr'><em>αὐτὸν</em></span> 
     </span>
     <span class='ocr_line' id='line_1_16' title="bbox 212 2013 1377 2104; baseline -0.001 -24"><span class='ocrx_word' id='word_1_125' title='bbox 212 2038 243 2088; x_wconf 78' lang='lat'><em>15</em></span> <span class='ocrx_word' id='word_1_126' title='bbox 261 2016 420 2100; x_wconf 79' lang='grc' dir='ltr'><em>ἀγοράσας</em></span> <span class='ocrx_word' id='word_1_127' title='bbox 441 2017 501 2078; x_wconf 82' lang='grc' dir='ltr'><em>ἀπὸ</em></span> <span class='ocrx_word' id='word_1_128' title='bbox 524 2013 643 2098; x_wconf 80' lang='lat' dir='ltr'><strong>Primu,</strong></span> <span class='ocrx_word' id='word_1_129' title='bbox 659 2018 885 2104; x_wconf 75' lang='grc' dir='ltr'><em>χρήσιμονκαὶ</em></span> <span class='ocrx_word' id='word_1_130' title='bbox 906 2016 1008 2093; x_wconf 83' lang='grc' dir='ltr'><em>οὕτως</em></span> <span class='ocrx_word' id='word_1_131' title='bbox 1035 2020 1069 2081; x_wconf 86' lang='grc' dir='ltr'><em>τὸ</em></span> <span class='ocrx_word' id='word_1_132' title='bbox 1090 2019 1223 2104; x_wconf 86' lang='grc' dir='ltr'><em>ληγάτον</em></span> <span class='ocrx_word' id='word_1_133' title='bbox 1250 2017 1303 2082; x_wconf 87' lang='grc' dir='ltr'><em>διὰ</em></span> <span class='ocrx_word' id='word_1_134' title='bbox 1325 2021 1377 2083; x_wconf 87' lang='grc' dir='ltr'><em>τόν</em></span> 
     </span>
     <span class='ocr_line' id='line_1_17' title="bbox 260 2119 1375 2206; baseline 0.004 -24"><span class='ocrx_word' id='word_1_135' title='bbox 260 2120 423 2206; x_wconf 76' lang='grc' dir='ltr'><em>εἰρημένον</em></span> <span class='ocrx_word' id='word_1_136' title='bbox 443 2121 557 2184; x_wconf 85' lang='grc' dir='ltr'><em>κανόνα</em></span> <span class='ocrx_word' id='word_1_137' title='bbox 580 2121 632 2184; x_wconf 87' lang='grc' dir='ltr'><em>τόν</em></span> <span class='ocrx_word' id='word_1_138' title='bbox 654 2121 783 2203; x_wconf 87' lang='grc' dir='ltr'><em>λέγοντα</em></span> <span class='ocrx_word' id='word_1_139' title='bbox 804 2119 887 2186; x_wconf 77' lang='lat' dir='ltr'><strong>falsa</strong></span> <span class='ocrx_word' id='word_1_140' title='bbox 910 2121 1140 2187; x_wconf 80' lang='lat' dir='ltr'><strong>demonstratio</strong></span> <span class='ocrx_word' id='word_1_141' title='bbox 1155 2121 1295 2204; x_wconf 78' lang='lat' dir='ltr'><strong>legatum</strong></span> <span class='ocrx_word' id='word_1_142' title='bbox 1311 2142 1375 2188; x_wconf 87' lang='lat' dir='ltr'><em>non</em></span> 
     </span>
     <span class='ocr_line' id='line_1_18' title="bbox 258 2222 1427 2312; baseline 0.001 -25"><span class='ocrx_word' id='word_1_143' title='bbox 258 2223 403 2305; x_wconf 81' lang='lat' dir='ltr'><strong>peremit.</strong></span> <span class='ocrx_word' id='word_1_144' title='bbox 433 2224 484 2290; x_wconf 87' lang='lat'><em>31.</em></span> <span class='ocrx_word' id='word_1_145' title='bbox 516 2222 572 2287; x_wconf 78' lang='grc' dir='ltr'><em>Καὶ</em></span> <span class='ocrx_word' id='word_1_146' title='bbox 596 2225 714 2310; x_wconf 74' lang='grc' dir='ltr'><em>πλαστὴ</em></span> <span class='ocrx_word' id='word_1_147' title='bbox 737 2224 772 2287; x_wconf 84' lang='grc' dir='ltr'><em>δὲ</em></span> <span class='ocrx_word' id='word_1_148' title='bbox 794 2224 875 2288; x_wconf 87' lang='grc' dir='ltr'><em>αἰτία</em></span> <span class='ocrx_word' id='word_1_149' title='bbox 898 2224 1058 2312; x_wconf 74' lang='grc' dir='ltr'><em>ἐγκειμένη</em></span> <span class='ocrx_word' id='word_1_150' title='bbox 1081 2225 1205 2310; x_wconf 90' lang='grc' dir='ltr'><em>ληγάτῳ</em></span> <span class='ocrx_word' id='word_1_151' title='bbox 1227 2224 1283 2288; x_wconf 82' lang='grc' dir='ltr'><em>οὐκ</em></span> <span class='ocrx_word' id='word_1_152' title='bbox 1304 2225 1376 2288; x_wconf 81' lang='grc' dir='ltr'><em>ἀκν-</em></span> <span class='ocrx_word' id='word_1_153' title='bbox 1384 2239 1427 2291; x_wconf 82' lang='grc'><em>31.</em></span> 
     </span>
     <span class='ocr_line' id='line_1_19' title="bbox 255 2324 1375 2414; baseline 0.001 -26"><span class='ocrx_word' id='word_1_154' title='bbox 255 2327 312 2410; x_wconf 84' lang='grc' dir='ltr'><em>ροί</em></span> <span class='ocrx_word' id='word_1_155' title='bbox 329 2327 365 2389; x_wconf 85' lang='grc' dir='ltr'><em>τὸ</em></span> <span class='ocrx_word' id='word_1_156' title='bbox 387 2328 528 2412; x_wconf 85' lang='grc' dir='ltr'><em>ληγάτον.</em></span> <span class='ocrx_word' id='word_1_157' title='bbox 573 2327 669 2392; x_wconf 70' lang='lat' dir='ltr'><em>ceslse</em></span> <span class='ocrx_word' id='word_1_158' title='bbox 691 2327 727 2390; x_wconf 91' lang='grc' dir='ltr'><em>δέ</em></span> <span class='ocrx_word' id='word_1_159' title='bbox 749 2324 812 2390; x_wconf 78' lang='grc' dir='ltr'><em>ἐστι</em></span> <span class='ocrx_word' id='word_1_160' title='bbox 834 2327 967 2413; x_wconf 75' lang='grc' dir='ltr'><em>δήλωσις</em></span> <span class='ocrx_word' id='word_1_161' title='bbox 991 2333 1046 2414; x_wconf 77' lang='grc' dir='ltr'><em>τῆς</em></span> <span class='ocrx_word' id='word_1_162' title='bbox 1069 2329 1174 2406; x_wconf 79' lang='grc' dir='ltr'><em>αἰτίας,</em></span> <span class='ocrx_word' id='word_1_163' title='bbox 1195 2327 1241 2391; x_wconf 91' lang='grc' dir='ltr'><em>δι’</em></span> <span class='ocrx_word' id='word_1_164' title='bbox 1265 2328 1302 2413; x_wconf 73' lang='grc' dir='ltr'><em>ἢν</em></span> <span class='ocrx_word' id='word_1_165' title='bbox 1324 2328 1375 2414; x_wconf 92' lang='grc' dir='ltr'><em>λη-</em></span> 
     </span>
     <span class='ocr_line' id='line_1_20' title="bbox 259 2425 1375 2517; baseline 0.002 -27"><span class='ocrx_word' id='word_1_166' title='bbox 259 2428 427 2509; x_wconf 88' lang='grc' dir='ltr'><em>γατεόεται,</em></span> <span class='ocrx_word' id='word_1_167' title='bbox 450 2428 514 2492; x_wconf 83' lang='grc' dir='ltr'><em>οἷον</em></span> <span class='ocrx_word' id='word_1_168' title='bbox 536 2427 726 2516; x_wconf 83' lang='grc' dir='ltr'><em>ἐληγάτενσέ</em></span> <span class='ocrx_word' id='word_1_169' title='bbox 751 2450 794 2502; x_wconf 91' lang='grc' dir='ltr'><em>τις</em></span> <span class='ocrx_word' id='word_1_170' title='bbox 824 2428 941 2504; x_wconf 80' lang='grc' dir='ltr'><em>οὕτως·</em></span> <span class='ocrx_word' id='word_1_171' title='bbox 977 2429 1140 2514; x_wconf 75' lang='grc' dir='ltr'><em>»δίδωμι</em></span> <span class='ocrx_word' id='word_1_172' title='bbox 1165 2431 1228 2493; x_wconf 81' lang='grc' dir='ltr'><em>καί</em></span> <span class='ocrx_word' id='word_1_173' title='bbox 1256 2425 1375 2517; x_wconf 82' lang='grc' dir='ltr'><em>ληγα·</em></span> 
     </span>
     <span class='ocr_line' id='line_1_21' title="bbox 208 2529 1376 2619; baseline 0.003 -27"><span class='ocrx_word' id='word_1_174' title='bbox 208 2530 354 2600; x_wconf 63' lang='grc' dir='ltr'><em>ποπεόω</em></span> <span class='ocrx_word' id='word_1_175' title='bbox 384 2532 493 2616; x_wconf 83' lang='grc' dir='ltr'><em>Τιτίῳ</em></span> <span class='ocrx_word' id='word_1_176' title='bbox 509 2529 645 2619; x_wconf 82' lang='grc' dir='ltr'><em>Στῖγον</em></span> <span class='ocrx_word' id='word_1_177' title='bbox 668 2535 732 2595; x_wconf 86' lang='grc' dir='ltr'><em>τὸν</em></span> <span class='ocrx_word' id='word_1_178' title='bbox 754 2531 843 2615; x_wconf 82' lang='grc' dir='ltr'><em>ἐμὸν</em></span> <span class='ocrx_word' id='word_1_179' title='bbox 872 2533 1030 2618; x_wconf 88' lang='grc' dir='ltr'><em>οἰκέτην,</em></span> <span class='ocrx_word' id='word_1_180' title='bbox 1053 2532 1186 2619; x_wconf 79' lang='grc' dir='ltr'><em>ἐπειδὴ</em></span> <span class='ocrx_word' id='word_1_181' title='bbox 1209 2532 1376 2608; x_wconf 76' lang='grc' dir='ltr'><em>ἀπόντας</em></span> 
     </span>
     <span class='ocr_line' id='line_1_22' title="bbox 251 2633 1373 2722; baseline 0 -26"><span class='ocrx_word' id='word_1_182' title='bbox 251 2655 326 2717; x_wconf 85' lang='grc' dir='ltr'><em>’μου</em></span> <span class='ocrx_word' id='word_1_183' title='bbox 353 2636 398 2698; x_wconf 87' lang='grc' dir='ltr'><em>τὰ</em></span> <span class='ocrx_word' id='word_1_184' title='bbox 426 2633 501 2716; x_wconf 83' lang='grc' dir='ltr'><em>ἐμὰ</em></span> <span class='ocrx_word' id='word_1_185' title='bbox 527 2634 694 2722; x_wconf 82' lang='grc' dir='ltr'><em>διῴκησε</em></span> <span class='ocrx_word' id='word_1_186' title='bbox 725 2635 969 2718; x_wconf 84' lang='grc' dir='ltr'><em>πράγματα·ι</em></span> <span class='ocrx_word' id='word_1_187' title='bbox 1002 2634 1022 2721; x_wconf 72' lang='grc' dir='ltr'><em>ἢ</em></span> <span class='ocrx_word' id='word_1_188' title='bbox 1052 2634 1167 2712; x_wconf 76' lang='grc' dir='ltr'><em>οὕτως·</em></span> <span class='ocrx_word' id='word_1_189' title='bbox 1197 2634 1373 2720; x_wconf 81' lang='grc' dir='ltr'><em>»οἰκέτην</em></span> 
     </span>
     <span class='ocr_line' id='line_1_23' title="bbox 258 2735 1374 2825; baseline 0.001 -26"><span class='ocrx_word' id='word_1_190' title='bbox 258 2735 464 2823; x_wconf 89' lang='grc' dir='ltr'><em>ληγατεόω</em></span> <span class='ocrx_word' id='word_1_191' title='bbox 492 2739 615 2823; x_wconf 84' lang='grc' dir='ltr'><em>Τιτίῳ,</em></span> <span class='ocrx_word' id='word_1_192' title='bbox 639 2738 777 2825; x_wconf 78' lang='grc' dir='ltr'><em>ἐπειδὴ</em></span> <span class='ocrx_word' id='word_1_193' title='bbox 804 2739 866 2802; x_wconf 86' lang='grc' dir='ltr'><em>διὰ</em></span> <span class='ocrx_word' id='word_1_194' title='bbox 894 2743 963 2825; x_wconf 78' lang='grc' dir='ltr'><em>τῆς</em></span> <span class='ocrx_word' id='word_1_195' title='bbox 990 2738 1107 2802; x_wconf 79' lang='grc' dir='ltr'><em>αὐτοῦ</em></span> <span class='ocrx_word' id='word_1_196' title='bbox 1135 2737 1374 2821; x_wconf 83' lang='grc' dir='ltr'><em>προςτασίας</em></span> 
     </span>
     <span class='ocr_line' id='line_1_24' title="bbox 257 2837 1373 2926; baseline 0.004 -27"><span class='ocrx_word' id='word_1_197' title='bbox 257 2837 463 2921; x_wconf 79' lang='grc' dir='ltr'><em>κερολικοό</em></span> <span class='ocrx_word' id='word_1_198' title='bbox 486 2839 726 2926; x_wconf 75' lang='grc' dir='ltr'><em>ἐγκλήματος</em></span> <span class='ocrx_word' id='word_1_199' title='bbox 753 2841 1066 2926; x_wconf 52' lang='lat' dir='ltr'><em>treatment«</em></span> <span class='ocrx_word' id='word_1_200' title='bbox 1119 2839 1147 2902; x_wconf 85' lang='grc' dir='ltr'><em>εἰ</em></span> <span class='ocrx_word' id='word_1_201' title='bbox 1172 2840 1223 2902; x_wconf 85' lang='grc' dir='ltr'><em>καὶ</em></span> <span class='ocrx_word' id='word_1_202' title='bbox 1250 2841 1288 2902; x_wconf 86' lang='grc' dir='ltr'><em>τὰ</em></span> <span class='ocrx_word' id='word_1_203' title='bbox 1315 2841 1373 2923; x_wconf 83' lang='grc' dir='ltr'><em>μα’-</em></span> 
     </span>
     <span class='ocr_line' id='line_1_25' title="bbox 256 2939 1374 3028; baseline 0.004 -27"><span class='ocrx_word' id='word_1_204' title='bbox 256 2939 345 3002; x_wconf 85' lang='grc' dir='ltr'><em>λιστα</em></span> <span class='ocrx_word' id='word_1_205' title='bbox 365 2941 425 3023; x_wconf 90' lang='grc' dir='ltr'><em>γὰρ</em></span> <span class='ocrx_word' id='word_1_206' title='bbox 446 2940 484 3004; x_wconf 78' lang='lat' dir='ltr'><em>oe</em></span> <span class='ocrx_word' id='word_1_207' title='bbox 505 2941 640 3028; x_wconf 83' lang='grc' dir='ltr'><em>διῴκησε</em></span> <span class='ocrx_word' id='word_1_208' title='bbox 661 2943 700 3005; x_wconf 87' lang='grc' dir='ltr'><em>τὰ</em></span> <span class='ocrx_word' id='word_1_209' title='bbox 722 2942 781 3026; x_wconf 78' lang='grc' dir='ltr'><em>ἐμά</em></span> <span class='ocrx_word' id='word_1_210' title='bbox 804 2943 1002 3027; x_wconf 57' lang='grc' dir='ltr'><em>πράγματα’)</em></span> <span class='ocrx_word' id='word_1_211' title='bbox 1035 2941 1127 3018; x_wconf 86' lang='grc' dir='ltr'><em>Τίτιος</em></span> <span class='ocrx_word' id='word_1_212' title='bbox 1148 2941 1223 3005; x_wconf 78' lang='grc' dir='ltr'><em>οὐδὲ</em></span> <span class='ocrx_word' id='word_1_213' title='bbox 1245 2941 1295 3006; x_wconf 86' lang='grc' dir='ltr'><em>διὰ</em></span> <span class='ocrx_word' id='word_1_214' title='bbox 1316 2947 1374 3028; x_wconf 83' lang='grc' dir='ltr'><em>τῆς</em></span> 
     </span>
     <span class='ocr_line' id='line_1_26' title="bbox 205 3041 1371 3133; baseline -0.001 -28"><span class='ocrx_word' id='word_1_215' title='bbox 205 3060 239 3112; x_wconf 73' lang='lat'><em>25</em></span> <span class='ocrx_word' id='word_1_216' title='bbox 256 3041 351 3107; x_wconf 82' lang='grc' dir='ltr'><em>αὐτοῦ</em></span> <span class='ocrx_word' id='word_1_217' title='bbox 378 3044 567 3128; x_wconf 86' lang='grc' dir='ltr'><em>προστασίας</em></span> <span class='ocrx_word' id='word_1_218' title='bbox 590 3047 755 3130; x_wconf 81' lang='grc' dir='ltr'><em>κεφαλικοῦ</em></span> <span class='ocrx_word' id='word_1_219' title='bbox 783 3044 1008 3133; x_wconf 75' lang='grc' dir='ltr'><em>η’λενδερώιίην</em></span> <span class='ocrx_word' id='word_1_220' title='bbox 1037 3044 1218 3126; x_wconf 68' lang='grc' dir='ltr'><em>κινδύνον,ἰ)</em></span> <span class='ocrx_word' id='word_1_221' title='bbox 1246 3045 1371 3131; x_wconf 72' lang='grc' dir='ltr'><em>ἰσχυρὸν</em></span> 
     </span>
     <span class='ocr_line' id='line_1_27' title="bbox 256 3143 1368 3232; baseline 0.004 -26"><span class='ocrx_word' id='word_1_222' title='bbox 256 3144 290 3206; x_wconf 86' lang='grc' dir='ltr'><em>τὸ</em></span> <span class='ocrx_word' id='word_1_223' title='bbox 311 3145 444 3230; x_wconf 87' lang='grc' dir='ltr'><em>ληγάτον</em></span> <span class='ocrx_word' id='word_1_224' title='bbox 465 3143 517 3232; x_wconf 85' lang='grc' dir='ltr'><em>διὰ</em></span> <span class='ocrx_word' id='word_1_225' title='bbox 539 3147 590 3208; x_wconf 89' lang='grc' dir='ltr'><em>τὸν</em></span> <span class='ocrx_word' id='word_1_226' title='bbox 613 3146 727 3210; x_wconf 89' lang='grc' dir='ltr'><em>κανόνα</em></span> <span class='ocrx_word' id='word_1_227' title='bbox 750 3149 800 3210; x_wconf 86' lang='grc' dir='ltr'><em>τὸν</em></span> <span class='ocrx_word' id='word_1_228' title='bbox 814 3147 959 3226; x_wconf 90' lang='grc' dir='ltr'><em>λέγοντα·</em></span> <span class='ocrx_word' id='word_1_229' title='bbox 986 3145 1089 3211; x_wconf 78' lang='lat' dir='ltr'><strong>»false</strong></span> <span class='ocrx_word' id='word_1_230' title='bbox 1109 3166 1208 3211; x_wconf 79' lang='lat' dir='ltr'><strong>cause</strong></span> <span class='ocrx_word' id='word_1_231' title='bbox 1228 3145 1368 3228; x_wconf 77' lang='lat' dir='ltr'><strong>legatum</strong></span> 
     </span>
     <span class='ocr_line' id='line_1_28' title="bbox 255 3247 1370 3334; baseline 0.003 -25"><span class='ocrx_word' id='word_1_232' title='bbox 255 3265 319 3312; x_wconf 85' lang='lat' dir='ltr'><em>nen</em></span> <span class='ocrx_word' id='word_1_233' title='bbox 339 3247 503 3330; x_wconf 75' lang='lat' dir='ltr'><strong>peremit«</strong></span> <span class='ocrx_word' id='word_1_234' title='bbox 549 3250 577 3311; x_wconf 90' lang='grc' dir='ltr'><em>εἰ</em></span> <span class='ocrx_word' id='word_1_235' title='bbox 595 3248 701 3333; x_wconf 90' lang='grc' dir='ltr'><em>μέντοι</em></span> <span class='ocrx_word' id='word_1_236' title='bbox 722 3251 882 3332; x_wconf 81' lang='grc' dir='ltr'><em>αἱρετικῶς</em></span> <span class='ocrx_word' id='word_1_237' title='bbox 912 3251 967 3332; x_wconf 80' lang='grc' dir='ltr'><em>τὴν</em></span> <span class='ocrx_word' id='word_1_238' title='bbox 990 3250 1088 3313; x_wconf 82' lang='grc' dir='ltr'><em>αἰτίαν</em></span> <span class='ocrx_word' id='word_1_239' title='bbox 1109 3249 1299 3334; x_wconf 79' lang='grc' dir='ltr'><em>ἐξεφώνησα</em></span> <span class='ocrx_word' id='word_1_240' title='bbox 1320 3249 1370 3312; x_wconf 75' lang='grc' dir='ltr'><em>εδ·</em></span> 
     </span>
     <span class='ocr_line' id='line_1_29' title="bbox 251 3346 1373 3438; baseline 0.004 -28"><span class='ocrx_word' id='word_1_241' title='bbox 251 3346 334 3434; x_wconf 70' lang='grc' dir='ltr'><em>ρέιίη</em></span> <span class='ocrx_word' id='word_1_242' title='bbox 357 3347 393 3412; x_wconf 88' lang='grc' dir='ltr'><em>δὲ</em></span> <span class='ocrx_word' id='word_1_243' title='bbox 414 3349 534 3436; x_wconf 74' lang='grc' dir='ltr'><em>ψευδὴς</em></span> <span class='ocrx_word' id='word_1_244' title='bbox 555 3352 574 3435; x_wconf 80' lang='grc' dir='ltr'><em>ἡ</em></span> <span class='ocrx_word' id='word_1_245' title='bbox 596 3351 692 3430; x_wconf 84' lang='grc' dir='ltr'><em>αἰτία,</em></span> <span class='ocrx_word' id='word_1_246' title='bbox 720 3352 850 3434; x_wconf 68' lang='grc' dir='ltr'><em>λήψεται</em></span> <span class='ocrx_word' id='word_1_247' title='bbox 871 3351 962 3415; x_wconf 79' lang='grc' dir='ltr'><em>οὐδὲν</em></span> <span class='ocrx_word' id='word_1_248' title='bbox 990 3353 1008 3416; x_wconf 89' lang='grc' dir='ltr'><em>ό</em></span> <span class='ocrx_word' id='word_1_249' title='bbox 1035 3353 1230 3438; x_wconf 88' lang='grc' dir='ltr'><em>ληγατάριος.</em></span> <span class='ocrx_word' id='word_1_250' title='bbox 1283 3350 1373 3415; x_wconf 85' lang='grc' dir='ltr'><em>εἰπον·</em></span> 
     </span>
     <span class='ocr_line' id='line_1_30' title="bbox 255 3450 1369 3538; baseline 0.002 -24"><span class='ocrx_word' id='word_1_251' title='bbox 255 3451 314 3536; x_wconf 87' lang='grc' dir='ltr'><em>γὰρ</em></span> <span class='ocrx_word' id='word_1_252' title='bbox 336 3450 452 3528; x_wconf 78' lang='grc' dir='ltr'><em>οὕτως·</em></span> <span class='ocrx_word' id='word_1_253' title='bbox 484 3453 706 3538; x_wconf 74' lang='grc' dir='ltr'><em>»ληγατεόω</em></span> <span class='ocrx_word' id='word_1_254' title='bbox 735 3453 842 3538; x_wconf 87' lang='grc' dir='ltr'><em>Τιτίῳ</em></span> <span class='ocrx_word' id='word_1_255' title='bbox 865 3454 1012 3534; x_wconf 59' lang='grc' dir='ltr'><em>τόνδεθ)</em></span> <span class='ocrx_word' id='word_1_256' title='bbox 1039 3457 1104 3518; x_wconf 86' lang='grc' dir='ltr'><em>τόν</em></span> <span class='ocrx_word' id='word_1_257' title='bbox 1127 3450 1263 3538; x_wconf 82' lang='grc' dir='ltr'><em>α’γρδν,</em></span> <span class='ocrx_word' id='word_1_258' title='bbox 1287 3453 1369 3536; x_wconf 78' lang='grc' dir='ltr'><em>εἴγε</em></span> 
     </span>
    </p>
   </div>
   <div class='ocr_carea' id='block_1_3' title="bbox 202 3547 1369 3646">
    <p class='ocr_par' dir='ltr' id='par_1_3' title="bbox 202 3547 1369 3646">
     <span class='ocr_line' id='line_1_31' title="bbox 202 3547 1369 3646; baseline 0.003 -31"><span class='ocrx_word' id='word_1_259' title='bbox 202 3551 459 3639; x_wconf 58' lang='grc' dir='ltr'><em>ωδιῴκησεί)</em></span> <span class='ocrx_word' id='word_1_260' title='bbox 481 3554 524 3617; x_wconf 81' lang='grc' dir='ltr'><em>τά</em></span> <span class='ocrx_word' id='word_1_261' title='bbox 547 3553 618 3638; x_wconf 80' lang='grc' dir='ltr'><em>ἐμὰ</em></span> <span class='ocrx_word' id='word_1_262' title='bbox 639 3547 876 3646; x_wconf 76' lang='grc' dir='ltr'><em>Ιτιρα’γ,ιιατα.ι</em></span> <span class='ocrx_word' id='word_1_263' title='bbox 924 3556 952 3620; x_wconf 86' lang='grc' dir='ltr'><em>εἰ</em></span> <span class='ocrx_word' id='word_1_264' title='bbox 979 3557 1036 3640; x_wconf 84' lang='grc' dir='ltr'><em>μὲν</em></span> <span class='ocrx_word' id='word_1_265' title='bbox 1066 3557 1126 3642; x_wconf 80' lang='grc' dir='ltr'><em>γάρ</em></span> <span class='ocrx_word' id='word_1_266' title='bbox 1149 3557 1293 3644; x_wconf 82' lang='grc' dir='ltr'><em>διῴκησε,</em></span> <span class='ocrx_word' id='word_1_267' title='bbox 1316 3558 1369 3642; x_wconf 75' lang='grc' dir='ltr'><em>λίη-</em></span> 
     </span>
    </p>
   </div>
   <div class='ocr_carea' id='block_1_4' title="bbox 253 3742 456 3755">
    <p class='ocr_par' dir='ltr' id='par_1_4' title="bbox 253 3742 456 3755">
     <span class='ocr_line' id='line_1_32' title="bbox 253 3742 456 3755; baseline 0.02 -4"><span class='ocrx_word' id='word_1_268' title='bbox 253 3742 456 3755; x_wconf 79' lang='grc'>--...</span> 
     </span>
    </p>
   </div>
   <div class='ocr_carea' id='block_1_5' title="bbox 251 3842 1368 4169">
    <p class='ocr_par' dir='ltr' id='par_1_5' title="bbox 251 3842 1368 4169">
     <span class='ocr_line' id='line_1_33' title="bbox 320 3842 1368 3914; baseline 0.005 -23"><span class='ocrx_word' id='word_1_269' title='bbox 320 3843 344 3908; x_wconf 88' lang='grc'><em>1)</em></span> <span class='ocrx_word' id='word_1_270' title='bbox 361 3843 389 3892; x_wconf 79' lang='grc' dir='ltr'><em>ἰν</em></span> <span class='ocrx_word' id='word_1_271' title='bbox 408 3843 515 3913; x_wconf 82' lang='grc' dir='ltr'><em>ἑκάστῳ</em></span> <span class='ocrx_word' id='word_1_272' title='bbox 533 3842 564 3898; x_wconf 89' lang='lat' dir='ltr'><em>V.</em></span> <span class='ocrx_word' id='word_1_273' title='bbox 682 3845 707 3909; x_wconf 62' lang='grc' dir='ltr'><em>λ)</em></span> <span class='ocrx_word' id='word_1_274' title='bbox 725 3846 851 3897; x_wconf 84' lang='grc' dir='ltr'><em>τουτέστι</em></span> <span class='ocrx_word' id='word_1_275' title='bbox 868 3844 974 3912; x_wconf 86' lang='grc' dir='ltr'><em>πλαστὴ</em></span> <span class='ocrx_word' id='word_1_276' title='bbox 994 3843 1109 3914; x_wconf 68' lang='grc' dir='ltr'><em>[ψευδὴς</em></span> <span class='ocrx_word' id='word_1_277' title='bbox 1125 3842 1168 3898; x_wconf 86' lang='lat' dir='ltr'><em>vi.</em></span> <span class='ocrx_word' id='word_1_278' title='bbox 1185 3842 1229 3913; x_wconf 86' lang='lat' dir='ltr'><em>R.]</em></span> <span class='ocrx_word' id='word_1_279' title='bbox 1248 3843 1368 3909; x_wconf 78' lang='grc' dir='ltr'><em>δήλωσις</em></span> 
     </span>
     <span class='ocr_line' id='line_1_34' title="bbox 252 3925 1367 3999; baseline 0.005 -22"><span class='ocrx_word' id='word_1_280' title='bbox 252 3927 368 3994; x_wconf 86' lang='grc' dir='ltr'><em>ληγότον</em></span> <span class='ocrx_word' id='word_1_281' title='bbox 386 3925 418 3978; x_wconf 83' lang='grc' dir='ltr'><em>οδ</em></span> <span class='ocrx_word' id='word_1_282' title='bbox 440 3927 558 3993; x_wconf 80' lang='grc' dir='ltr'><em>βλάπτει</em></span> <span class='ocrx_word' id='word_1_283' title='bbox 576 3930 681 3999; x_wconf 76' lang='grc' dir='ltr'><em>[ἀποροῖ</em></span> <span class='ocrx_word' id='word_1_284' title='bbox 699 3928 739 3982; x_wconf 88' lang='lat' dir='ltr'><em>vi.</em></span> <span class='ocrx_word' id='word_1_285' title='bbox 757 3927 800 3999; x_wconf 78' lang='lat' dir='ltr'><em>R]</em></span> <span class='ocrx_word' id='word_1_286' title='bbox 819 3926 851 3985; x_wconf 85' lang='lat' dir='ltr'><em>V.</em></span> <span class='ocrx_word' id='word_1_287' title='bbox 869 3928 920 3983; x_wconf 65' lang='lat'><em>12⁶.</em></span> <span class='ocrx_word' id='word_1_288' title='bbox 938 3929 981 3983; x_wconf 79' lang='lat' dir='ltr'><em>Vi.</em></span> <span class='ocrx_word' id='word_1_289' title='bbox 999 3928 1032 3983; x_wconf 89' lang='lat' dir='ltr'><em>R.</em></span> <span class='ocrx_word' id='word_1_290' title='bbox 1050 3928 1093 3984; x_wconf 84' lang='lat' dir='ltr'><em>ed.</em></span> <span class='ocrx_word' id='word_1_291' title='bbox 1127 3929 1150 3995; x_wconf 79' lang='lat'><em>³)</em></span> <span class='ocrx_word' id='word_1_292' title='bbox 1166 3928 1210 3980; x_wconf 86' lang='grc' dir='ltr'><em>καί</em></span> <span class='ocrx_word' id='word_1_293' title='bbox 1227 3929 1255 3980; x_wconf 83' lang='grc' dir='ltr'><em>εἰ</em></span> <span class='ocrx_word' id='word_1_294' title='bbox 1271 3929 1315 3982; x_wconf 84' lang='lat' dir='ltr'><em>vi.</em></span> <span class='ocrx_word' id='word_1_295' title='bbox 1332 3928 1367 3983; x_wconf 90' lang='lat' dir='ltr'><em>R.</em></span> 
     </span>
     <span class='ocr_line' id='line_1_35' title="bbox 251 4010 1368 4082; baseline 0.018 -22"><span class='ocrx_word' id='word_1_296' title='bbox 251 4012 275 4077; x_wconf 79' lang='lat'><em>⁴)</em></span> <span class='ocrx_word' id='word_1_297' title='bbox 292 4030 354 4062; x_wconf 82' lang='grc' dir='ltr'><em>-ον</em></span> <span class='ocrx_word' id='word_1_298' title='bbox 372 4010 414 4064; x_wconf 90' lang='lat' dir='ltr'><em>Vi.</em></span> <span class='ocrx_word' id='word_1_299' title='bbox 432 4011 465 4067; x_wconf 84' lang='lat' dir='ltr'><em>R.</em></span> <span class='ocrx_word' id='word_1_300' title='bbox 482 4012 528 4069; x_wconf 80' lang='lat' dir='ltr'><em>hie</em></span> <span class='ocrx_word' id='word_1_301' title='bbox 545 4021 573 4067; x_wconf 82' lang='lat' dir='ltr'><em>et</em></span> <span class='ocrx_word' id='word_1_302' title='bbox 589 4014 674 4068; x_wconf 83' lang='lat' dir='ltr'><strong>deinc.</strong></span> <span class='ocrx_word' id='word_1_303' title='bbox 765 4016 788 4080; x_wconf 64' lang='grc' dir='ltr'><em>ὅ)</em></span> <span class='ocrx_word' id='word_1_304' title='bbox 804 4015 859 4082; x_wconf 84' lang='grc' dir='ltr'><em>γὰρ</em></span> <span class='ocrx_word' id='word_1_305' title='bbox 879 4012 910 4068; x_wconf 86' lang='lat' dir='ltr'><em>V.</em></span> <span class='ocrx_word' id='word_1_306' title='bbox 1011 4015 1035 4080; x_wconf 83' lang='lat'><em>⁶)</em></span> <span class='ocrx_word' id='word_1_307' title='bbox 1052 4016 1067 4066; x_wconf 80' lang='grc' dir='ltr'><strong><em>ὁ</em></strong></span> <span class='ocrx_word' id='word_1_308' title='bbox 1083 4012 1126 4067; x_wconf 72' lang='lat' dir='ltr'><em>ed·</em></span> <span class='ocrx_word' id='word_1_309' title='bbox 1145 4012 1176 4066; x_wconf 87' lang='lat' dir='ltr'><em>V·</em></span> <span class='ocrx_word' id='word_1_310' title='bbox 1280 4015 1304 4078; x_wconf 68' lang='grc' dir='ltr'><em>ἰ)</em></span> <span class='ocrx_word' id='word_1_311' title='bbox 1321 4016 1368 4080; x_wconf 67' lang='grc' dir='ltr'><em>ἕλ’·</em></span> 
     </span>
     <span class='ocr_line' id='line_1_36' title="bbox 252 4095 1176 4169; baseline 0.003 -22"><span class='ocrx_word' id='word_1_312' title='bbox 252 4095 382 4164; x_wconf 73' lang='grc' dir='ltr'><em>κλήματος</em></span> <span class='ocrx_word' id='word_1_313' title='bbox 399 4096 492 4168; x_wconf 77' lang='grc' dir='ltr'><em>ὴλεοδ.</em></span> <span class='ocrx_word' id='word_1_314' title='bbox 510 4097 543 4151; x_wconf 84' lang='lat' dir='ltr'><em>V.</em></span> <span class='ocrx_word' id='word_1_315' title='bbox 645 4100 668 4166; x_wconf 79' lang='grc'><em>8)</em></span> <span class='ocrx_word' id='word_1_316' title='bbox 685 4099 710 4154; x_wconf 83' lang='lat' dir='ltr'><em>d.</em></span> <span class='ocrx_word' id='word_1_317' title='bbox 728 4099 770 4155; x_wconf 82' lang='lat' dir='ltr'><em>vi.</em></span> <span class='ocrx_word' id='word_1_318' title='bbox 789 4098 821 4153; x_wconf 87' lang='lat' dir='ltr'><em>R.</em></span> <span class='ocrx_word' id='word_1_319' title='bbox 922 4100 946 4165; x_wconf 80' lang='lat'><em>⁹)</em></span> <span class='ocrx_word' id='word_1_320' title='bbox 964 4098 1053 4169; x_wconf 86' lang='grc' dir='ltr'><em>διῴκει</em></span> <span class='ocrx_word' id='word_1_321' title='bbox 1072 4097 1127 4162; x_wconf 78' lang='grc' dir='ltr'><em>ἅμα</em></span> <span class='ocrx_word' id='word_1_322' title='bbox 1144 4098 1176 4154; x_wconf 83' lang='lat' dir='ltr'><em>V.</em></span> 
     </span>
    </p>
   </div>
   <div class='ocr_carea' id='block_1_6' title="bbox 0 0 1534 4890">
    <p class='ocr_par' dir='ltr' id='par_1_6' title="bbox 0 0 1534 4890">
     <span class='ocr_line' id='line_1_37' title="bbox 0 0 1534 4890; baseline 0 0"><span class='ocrx_word' id='word_1_323' title='bbox 0 0 1534 4890; x_wconf 95' lang='lat' dir='ltr'><em> </em></span> 
     </span>
    </p>
   </div>
  </div>
 </body>
</html>
