3058 4890
619 413 658 429 ·-
705 377 852 440 207-

153 562 238 630 octio
260 564 292 630 in
314 581 489 647 personam,
512 580 593 644 quae
615 582 659 630 ex
681 568 924 630 testamento
947 563 1119 630 dicebatur.
1155 562 1279 629 sinendi

153 685 246 750 modo
268 683 406 764 legatum
426 684 471 750 its
485 682 733 764 relinquebatur:
758 685 919 749 domnas
942 687 1029 749 esto
1051 682 1167 748 heres
1188 679 1279 748 huic

153 803 287 869 sinere
308 803 409 868 hanc
432 821 511 867 rem
534 801 611 867 sibi
634 821 788 884 capere.
822 801 948 867 atinde
970 801 1113 867 similiter
1135 801 1218 868 actio
1241 819 1279 867 ex

153 928 341 987 testamento
372 922 514 988 dabatur.
562 923 791 1012 praeceptionis
813 922 912 987 uerba
934 921 1025 988 haec:
1054 921 1280 1004 partiarius

153 1039 228 1106 ille
249 1042 365 1106 heres
387 1041 487 1109 hano
517 1061 597 1107 rem
624 1041 860 1124 praecipito.
909 1041 1017 1123 itaque
1047 1058 1108 1105 non
1136 1045 1221 1106 recte
1249 1042 1279 1105 ei
1314 1058 1331 1107 o

152 1162 209 1242 qui
229 1160 400 1244 partiarius
422 1160 513 1226 heren
536 1179 596 1226 oon
619 1161 661 1225 sit
682 1161 821 1242 legatum
843 1179 899 1243 per
919 1158 1171 1241 praeceptionem
1188 1157 1279 1223 relin-

152 1280 290 1361 quimus.
341 1297 413 1344 nam
443 1280 540 1346 uerbo
573 1280 852 1361 ›praecipito‹
884 1279 968 1345 idest
998 1277 1280 1359 »praecipuum

154 1398 327 1463 sumito«
353 1399 430 1462 satis
451 1399 629 1464 ostenditur
651 1405 773 1480 purtem
796 1399 954 1482 quandam
983 1396 1171 1481 praeoedere
1192 1394 1280 1461 here·

154 1519 279 1591 ditatis;
295 1517 424 1599 perinde
440 1536 476 1584 ao
487 1519 514 1582 si
526 1519 596 1600 quis
611 1518 739 1583 dixerit:
756 1525 882 1600 praeter
896 1516 981 1582 illam
996 1521 1126 1599 partem,
1142 1531 1236 1598 quam
1252 1515 1281 1578 ei

155 1637 279 1718 reliqui,
302 1637 335 1701 id
357 1654 482 1718 quoque
504 1655 577 1702 eum
599 1639 802 1719 praecipuum
828 1637 888 1703 sibi
917 1655 1042 1702 sumere
1064 1634 1145 1700 uolo.
1195 1638 1331 1715 pete-10

157 1758 253 1822 batur
275 1760 380 1822 autem
402 1756 581 1822 huiusmodi
603 1758 740 1838 legatum
763 1774 820 1838 per
842 1753 980 1821 familiae
1010 1754 1212 1820 erciscundae
1233 1753 1280 1818 lu·

155 1874 283 1940 dicium.
320 1881 370 1940 set
391 1874 468 1940 haec
489 1874 616 1957 quidem
638 1875 726 1954 olim,
751 1876 960 1940 recentiorum
976 1879 1081 1939 autem
1103 1872 1279 1955 principum

155 1995 396 2060 constitutiones
419 1994 588 2060 uerborum
611 1992 854 2058 sollemnitatem
869 1993 1076 2070 sustulerunt,
1099 1992 1213 2074 quibus
1228 2009 1280 2073 ge

156 2131 217 2178 nus
239 2112 336 2195 legati
359 2095 603 2194 significabatur.
649 2112 764 2194 prodiit
794 2130 919 2193 quoque
942 2110 1146 2179 sacratissimi
1169 2110 1281 2192 princi·

111 2271 115 2276 -
157 2235 206 2314 pis
227 2234 329 2299 nostri
351 2232 544 2310 constitutio,
566 2251 659 2314 quam
683 2235 789 2299 multis
812 2233 928 2314 uigiliis
951 2232 1134 2312 composuit,
1157 2248 1194 2296 eo
1217 2234 1280 2294 stu·
1302 2248 1333 2298 rs

159 2354 236 2418 dens
260 2359 296 2418 ut
317 2353 469 2419 firmiores
494 2353 724 2437 calidioresque
739 2353 884 2419 redderet
899 2352 1115 2417 defunctorum
1138 2350 1282 2414 uolunta·

156 2479 229 2552 tes,
266 2492 328 2555 qua
362 2472 535 2556 disposuit,
571 2480 606 2538 ut
646 2475 823 2540 uoluntates
858 2490 919 2536 non
952 2472 1050 2537 uerba
1084 2467 1281 2532 morientium

159 2597 350 2676 spectentur,
373 2599 406 2658 et
428 2593 571 2659 omnibus
594 2593 767 2674 legatorum
795 2592 961 2675 generibus
989 2609 1053 2656 una
1082 2589 1123 2653 sit
1151 2593 1281 2661 natura3

158 2717 256 2795 atque
289 2711 537 2795 quibuscumque
570 2711 676 2777 uerbis
709 2709 828 2793 aliquid
861 2710 902 2774 sit
941 2707 1101 2785 relictum,
1139 2707 1171 2771 id
1198 2705 1282 2786 lega·

159 2829 249 2896 tariis
272 2832 419 2914 persequi
440 2831 542 2907 liceat,
564 2832 632 2897 siue
654 2850 712 2914 per
734 2831 887 2897 actionem
909 2829 940 2894 in
964 2845 1128 2910 personam
1158 2826 1226 2892 siue
1248 2827 1280 2890 in
1300 2856 1333 2907 20

158 2967 224 3014 rem
247 2951 315 3016 siue
337 2950 600 3033 hypothecariam.
629 2950 721 3032 plura
743 2968 868 3032 qnoque
890 2947 952 3013 alia
974 2947 1065 3012 utilio
1087 2947 1197 3013 eadem
1219 2951 1283 3011 tra·

159 3067 278 3134 duntur
301 3069 540 3148 constitutione;
563 3069 885 3150 perfectissimamque
908 3067 975 3133 eius
997 3069 1093 3133 robur
1107 3067 1147 3131 iis
1164 3065 1282 3130 discere

115 3207 141 3258 s.
160 3187 283 3266 licebit,
311 3189 363 3271 qui
386 3206 454 3254 eam
481 3188 624 3270 legerint.
673 3187 701 3250 3.
737 3192 779 3252 At
801 3204 902 3266 neque
929 3187 1090 3268 hucusque
1120 3185 1283 3248 dumtaxat

160 3325 197 3374 ea
220 3306 403 3373 constitutio
426 3308 529 3385 stetit,
558 3316 606 3372 set
635 3315 666 3374 et
696 3309 796 3372 mains
826 3306 900 3386 quid
930 3305 1062 3370 addidit.
1108 3301 1281 3368 cumcuim

159 3426 284 3493 uideret
304 3425 409 3507 legata
430 3429 462 3491 in
485 3445 598 3508 magna
620 3426 698 3491 iuris
721 3425 897 3507 suptilitate
920 3423 1049 3502 uersari,
1074 3423 1105 3487 in
1127 3420 1282 3487 fideicom·
1299 3442 1333 3494 25

160 3547 264 3612 missis
298 3564 374 3611 uero
408 3546 601 3626 potissimum
637 3545 797 3610 testatoris
832 3543 972 3625 optinere
1006 3542 1217 3619 uoluntatem,
1251 3545 1283 3606 et
