3096 4890
706 381 1043 454 -20-'

574 711 623 778 De
644 713 799 794 ingenuis.
843 711 967 778 Titulus
990 716 1019 778 4.
1028 714 1055 796 ¹)

338 865 562 952 1)Εἲρήκαμεν
585 868 636 931 τὸν
660 864 833 952 ἐλεύθερον
855 867 901 943 εἰς
922 867 979 931 δύο
1004 866 1203 952 διαιρεῖσθαι,
1225 866 1269 942 εἰς
1291 865 1380 948 εὔγε-

254 973 317 1044 νεῖς
339 970 388 1033 καὶ
409 967 687 1054 ἀπελευθέρουςδ)
732 971 780 1032 καὶ
802 969 932 1057 εὐγενής
955 967 1037 1033 ἐστιν
1059 970 1077 1031 δ
1100 966 1224 1045 ἐὐθέως
1244 969 1310 1051 ἅμα
1330 970 1380 1053 τῷ

254 1070 401 1158 τεχθῆναι
429 1068 602 1156 ἐλεύθερος
628 1069 672 1135 ὢν
704 1073 753 1135 καὶ
780 1073 904 1158 μήποτε
933 1074 989 1139 τοῦ
1018 1072 1114 1153 ζυγοῦ
1145 1075 1203 1158 τῆς
1235 1069 1382 1146 δουλείας

220 1175 455 1257 ὅγευσάμενος,
477 1171 539 1236 εἴτε
561 1173 600 1237 ἐκ
621 1175 813 1238 σονοικεσίου
836 1174 894 1237 δύο
918 1174 1055 1257 εὐμενῶν
1080 1171 1228 1260 ἐτέχθηθ)
1256 1171 1318 1237 εἴτε
1344 1169 1381 1236 εἰι

254 1276 311 1340 δύο
327 1274 559 1358 ἀπελευθέρων.
594 1276 622 1340 εί
645 1275 680 1340 δὲ
702 1276 754 1340 καί
774 1299 819 1352 τις
840 1274 880 1348 ἐξ
899 1273 1108 1360 ἐλευθέραςί)
1130 1273 1228 1363 τεχθῇ
1247 1274 1381 1362 μητρὸς,

254 1378 368 1442 δούλου
403 1377 439 1441 δὲ
472 1380 591 1464 πατρὸς
618 1377 746 1464 εὐγενὴς
773 1379 859 1462 [μὲν]
890 1377 1008 1464 ὁμοίως
1035 1375 1136 1458 ἐσται,
1165 1366 1271 1459 ιῖίςπερ
1301 1374 1383 1449 δέξ

255 1479 430 1567 ἐλευθέρας
445 1483 566 1570 μητρὸς
581 1484 630 1546 καὶ
644 1482 795 1569 άδηλουῧ)
819 1485 946 1569 πατρὸς,
970 1482 1126 1548 τουτέστιν
1148 1483 1209 1546 ἀπὸ
1224 1479 1380 1569 πορνείας,

201 1660 203 1672 Ι
255 1583 418 1673 τεχθελςθ).
463 1583 538 1648 οὐδὲ
560 1584 621 1666 γὰρ
642 1585 774 1667 βλάπτει
795 1585 850 1672 τὴν
879 1588 934 1650 τοῦ
964 1585 1075 1660 παιδὸς
1101 1581 1259 1667 εὐγένειαν
1289 1585 1322 1647 τδ
1345 1577 1382 1648 ἐκ

207 1689 239 1741 10
258 1685 406 1769 πορνείας
427 1686 574 1770 γενέσθαι
596 1688 652 1774 τὴν
674 1689 828 1776 σύλληψιν,
852 1689 944 1774 ἀρκεῖ
963 1691 1000 1754 δὲ
1021 1689 1196 1774 ἐλευθέραν
1227 1687 1304 1754 εἶναι
1325 1687 1381 1776 τὴν

254 1789 411 1875 μητέραί)
432 1790 511 1853 κατὰ
534 1792 585 1853 τὸν
603 1791 720 1878 χρόνον
744 1795 800 1858 τοῦ
833 1795 980 1872 τοκετοῦ,
1014 1794 1042 1856 εἷ
1068 1794 1118 1856 καὶ
1146 1795 1164 1856 ύ
1193 1798 1248 1881 τῆς
1270 1793 1381 1880 συλλη-

257 1897 346 1976 φειυς
367 1893 475 1976 καιρὸς
494 1892 576 1956 εἶδεν
599 1894 693 1978 αὐτὴν
716 1895 840 1980 δούλην.
865 1897 914 1958 καὶ
935 1893 971 1959 ἐκ
994 1898 1050 1959 τοῦ
1072 1894 1212 1960 ἐναντίου
1241 1896 1269 1958 εί
1295 1894 1383 1958 ἐλευ-

257 1996 371 2081 θέραθ)
396 1996 553 2083 συλλάβῃ,
581 1995 860 2064 καταδουλωθεῖσα
887 1996 924 2059 δὲ
953 1995 1063 2084 ἐπειδὴ
1092 1996 1239 2085 ἠνέσχετο
1268 1997 1382 2082 ἑαυτὴν

257 2097 445 2184 πραθῆναδ)
479 2097 523 2183 αδ
554 2098 694 2181 pretium
723 2098 984 2182 participandum
1022 2099 1109 2187 τέκη,
1146 2098 1318 2183 ἐλεύθερον
1347 2101 1382 2162 τὸ

204 2208 239 2282 μδ
256 2199 377 2288 τεχθέν.
422 2200 522 2285 ύχάρ
544 2200 800 2286 κυοφορούμενος
824 2202 859 2265 οὐ
889 2203 1087 2290 βλαβήσεται
1114 2203 1151 2269 ἐκ
1179 2208 1236 2291 τῆς
1263 2224 1382 2286 συμφο·
1408 2285 1411 2292 ’

254 2307 317 2386 ρᾶς
339 2307 394 2392 τῆς
416 2308 610 2391 περιστάσης
632 2305 686 2390 τὴν
705 2305 884 2392 μητέραῙθ).
928 2303 1052 2394 Ἐπειδὴ
1075 2306 1111 2370 δὲ
1133 2307 1301 2393 ελρηκαμεν
1324 2304 1380 2390 ἀρ-

257 2412 319 2470 κεῖν
342 2408 422 2491 πρὸς
443 2405 631 2490 ἐλευθερίαν
652 2410 701 2494 τῷ
722 2411 807 2472 παιδὶ
830 2411 863 2472 τὸ
886 2407 1060 2494 ἐλευθέραν
1081 2408 1117 2473 ἐν
1140 2411 1187 2495 τῷ
1203 2407 1309 2472 τίκτειν
1325 2406 1380 2490 τὴν

255 2510 378 2597 μητέρα
400 2509 524 2594 eumn)
546 2512 597 2574 καὶ
618 2504 665 2575 ὅτι
687 2509 743 2574 ἐὰν
764 2511 891 2598 γένηται
914 2509 1059 2598 σύλληψις
1080 2509 1115 2575 ἐν
1142 2507 1311 2594 ἐλευθερίᾳ
1334 2529 1383 2570 το-

258 2616 348 2688 κετὸς
370 2614 406 2676 δὲ
428 2613 463 2678 έν
486 2615 623 2700 δουλείᾳ,
653 2613 826 2698 ἐλεύθερος
848 2615 866 2676 δ
887 2615 1066 2698 τικτόμενος
1087 2612 1251 2686 ἐντεῦθεν,
1274 2601 1383 2695 1λίίρα

208 2721 243 2772 20
259 2716 324 2779 οἷον
340 2715 488 2803 ἐζητηθη.
509 2717 608 2803 Δούλη
623 2740 668 2792 τις
675 2715 712 2799 ¹²)
728 2715 809 2780 οὖσα
824 2718 902 2780 κατὰ
916 2719 969 2780 τὸν
986 2719 1091 2800 καιρὸν
1106 2717 1142 2780 θν
1157 2713 1311 2798 συνέλαβε
1326 2715 1383 2798 τῆς

261 2818 404 2893 δουλείας
419 2818 644 2906 ἠλευθερώθη·
661 2819 810 2902 buroam)
820 2819 940 2906 χρόνου
952 2819 1225 2904 παραδραμόντος,
1236 2813 1383 2880 κατεδου-

260 2917 406 3004 λώθη·“)
417 2920 527 2983 τέτοκε
536 2921 617 3004 μετὰ
629 2921 682 3006 την
693 2919 937 2999 καταδούλωσιν,
951 2920 1083 3005 πότερον
1096 2918 1269 3002 ἐλεύθερον
1281 2915 1302 3002 ἢ
1313 2914 1383 2979 δοῦ·

260 3024 313 3086 λον
331 3025 538 3111 σκοπήσομεν
554 3026 588 3086 τὸ
603 3022 793 3105 τικτόμενον·
815 3021 868 3085 καί
881 3022 1019 3109 φησινῐὸ)
1036 3021 1067 3102 [ὁ
1084 3019 1276 3104 Μάρκελλος]
1298 3015 1384 3081 ἐλεύ-

330 3250 354 3315 1)
372 3243 442 3316 Περί
459 3244 599 3314 εὐγενείας
616 3244 678 3299 εδδ.
696 3244 742 3298 lib.
760 3249 789 3298 ut
807 3242 866 3298 edd.
884 3256 984 3297 omnes.
1096 3240 1121 3305 ²)
1138 3239 1162 3290 οἱ
1179 3238 1327 3303 ἐλεύθεροι
1344 3233 1385 3295 τίς

260 3332 309 3385 δύο
328 3332 363 3385 τὰ
381 3334 477 3400 πρῶτα
495 3332 662 3398 διαιροῦνται
685 3330 725 3389 είς
741 3327 863 3396 εύγενεῖς
879 3327 923 3379 καί
940 3326 1147 3394 ἀπελευθέρους
1163 3323 1234 3391 Epa·
1261 3351 1293 3362 -
1320 3319 1385 3379 τοὺς

262 3417 431 3486 ἐλευθέρους
448 3416 483 3483 ej.
500 3415 534 3469 R.
552 3445 585 3456 -
688 3416 711 3484 ³)
729 3414 820 3484 τεχθῇ
838 3413 908 3481 Epa.
1009 3411 1034 3478 4)
1051 3409 1128 3462 δπελ.
1146 3408 1177 3462 Ρ.
1279 3407 1304 3471 1)
1320 3403 1386 3474 ἀδή-

260 3503 310 3556 λου
327 3502 359 3555 δέ
375 3501 405 3554 Ρ.
483 3501 507 3567 ⁶)
525 3499 552 3556 d.
570 3500 617 3556 R.:
635 3500 689 3553 ἀπὸ
706 3501 822 3567 κμυφίας
837 3502 919 3566 γονῆς
935 3497 1005 3564 Epa.
1022 3495 1091 3550 hauc
1108 3494 1135 3549 d.
1151 3493 1214 3560 Epi.
1299 3491 1385 3558 ⁷)7u·

262 3590 340 3640 ναίκα
357 3585 388 3639 P.
512 3585 536 3650 8)
552 3585 602 3648 μὲν
620 3584 682 3639 αδδ.
700 3584 770 3652 Epa.
907 3583 931 3650 ⁹)
949 3582 983 3636 de
1001 3580 1031 3634 P.
1049 3579 1129 3633 aliter
1146 3577 1206 3632 edd.
1225 3580 1289 3630 unte
1306 3574 1340 3628 F.
1357 3579 1386 3627 et

261 3669 411 3738 F1·:Epa.
431 3669 580 3731 λέολκείας
601 3668 777 3737 διαπράσεως
800 3668 845 3721 ἐπλ
867 3666 901 3719 τὸ
927 3667 1061 3734 κερδῆσαι
1086 3665 1137 3734 τὴν
1165 3662 1234 3715 λδίαν
1261 3661 1340 3730 τιμὴν
1367 3660 1385 3728 ἢ

262 3757 332 3810 κατὰ
349 3757 382 3809 τὸ
408 3757 470 3808 ὅλον
489 3757 506 3824 ἦ
525 3755 593 3808 κατὰ
617 3755 649 3806 τδ
671 3754 768 3824 ἥμισυ,
792 3753 857 3823 τέκη
886 3752 917 3804 δὲ
942 3751 1014 3816 μετὰ
1040 3751 1090 3819 τὴν
1118 3749 1280 3816 διάπρασιν,
1308 3745 1386 3798 ἔσται

262 3841 413 3910 ἐλεύθερον
432 3844 495 3894 cett.
600 3841 636 3906 1⁰)
653 3835 719 3906 περὶ
741 3838 791 3906 τὴν
809 3837 919 3908 μητέρα
938 3834 1084 3904 συμβάσης
1101 3849 1184 3900 συμφ.
1202 3831 1232 3885 Ρ.
1251 3861 1282 3871 -

261 3929 298 3997 11)
317 3925 366 3982 εῖν.
385 3946 408 3980 τ.
425 3944 453 3990 μ.
473 3926 503 3979 Ρ.
520 3925 552 3980 F.
570 3928 605 3979 Δ.
705 3923 742 3991 1²)
759 3923 808 3976 ἐάν
827 3941 867 3982 τις
885 3923 967 3991 δούλη
985 3921 1054 3989 Epa.
1156 3918 1194 3982 1³)
1212 3914 1386 3983 obinuEpu

262 4017 298 4084 1⁴)
317 4011 379 4066 εἶτα
395 4011 465 4080 Epa.
575 4011 611 4080 1⁵)
628 4026 718 4079 φαμεν
736 4007 770 4062 R.
787 4009 803 4060 δ
822 4005 975 4078 Μαρκιανὸς
993 4006 1024 4061 F.
1044 4003 1191 4068 κελεύομεν
1211 4001 1249 4055 ἐλ.
1267 3998 1386 4053 εἶναιτὸ

262 4118 328 4154 ται.
346 4097 416 4165 upa,

331 4189 358 4252 ε)
375 4185 444 4253 upa.
463 4183 507 4246 37.
524 4187 549 4238 5.
567 4182 662 4238 Proch.
680 4187 724 4249 24,
744 4187 761 4241 7
779 4182 848 4238 adde
865 4182 928 4250 Epi.
946 4185 989 4249 38,
1006 4184 1032 4235 3.
1135 4177 1163 4245 b)
1181 4175 1244 4244 Epi.
1262 4175 1305 4235 38,
1323 4173 1348 4224 6.
