3022 4884
594 403 828 468 -139-

145 592 299 660 heredem
322 610 423 658 suum.
469 590 623 658 eiusmodi
643 589 842 658 donationem
864 588 1031 658 facientem
1061 588 1189 656 diuinus
1210 585 1274 654 Ho-

145 729 259 778 merus
280 710 312 776 in
335 711 476 794 Odyssea
497 709 716 776 Telemachum
738 707 859 775 inducit
881 709 981 789 [hisce
1002 709 1196 791 uersibus:¹)

257 861 381 949 Πείραι’
404 862 440 926 οὐ
462 863 525 948 γάρ
547 862 577 925 τ’
599 861 687 947 ἴδμεν
709 862 796 938 ὅπως
818 859 905 925 ἔσται
926 861 1003 925 τάδε
1026 859 1120 948 ἔργα·

257 982 357 1047 εἶκεν
380 979 438 1066 ε’μὲ
458 985 636 1069 μνηστῆρες
658 983 813 1069 ἀγήνορες
835 980 870 1046 ἐν
890 983 1057 1066 μεγάροισι

255 1101 359 1190 λάθρη
381 1101 555 1178 κτείναντες
576 1102 718 1187 πατρώϊα
740 1102 839 1164 πάντα
861 1099 1026 1179 δάσωνται,

258 1221 352 1288 αὐτὸν
374 1220 488 1311 ἔχοντα’
507 1245 544 1285 σε
564 1219 702 1303 βούλομ’
724 1219 903 1305 ἐπαυρέμεν
925 1219 946 1306 ἦ
967 1243 1032 1283 τινα
1056 1218 1172 1285 τῶνδε·

259 1342 286 1406 ei
307 1341 344 1405 δέ
365 1340 398 1405 κ’
413 1339 486 1424 ἐγὼ
510 1341 640 1405 τούτοισι
654 1340 759 1425 Ιμόνον
781 1340 830 1403 καὶ
852 1343 933 1426 κῆρα
955 1338 1112 1424 φυτεύσω,

260 1461 299 1547 δὴ
322 1461 391 1525 τότε
410 1485 464 1546 μοι
481 1461 621 1548 χαίροντι
643 1458 751 1544 φέρειν
774 1461 853 1542 πρὸς
875 1457 1005 1542 δώματα
1024 1458 1169 1547 χαίρων]

101 1647 130 1699 2,
243 1615 272 1677 2.
308 1615 476 1697 Postquam
500 1615 540 1680 de
561 1614 672 1680 mortis
694 1633 789 1680 causa
811 1614 978 1680 donatione
1008 1612 1192 1692 dixerimus,
1216 1613 1277 1678 dia·

150 1731 307 1815 piciamm
330 1735 368 1800 de
390 1733 503 1800 ceteris
526 1732 757 1810 donationibus,
780 1751 861 1816 quae
884 1738 958 1798 sunt
979 1734 1060 1799 inter
1076 1732 1175 1798 uiuos.
1198 1731 1278 1797 fiunt
1297 1735 1329 1788 1⁰

151 1855 218 1918 hae
239 1854 306 1920 sine
327 1851 391 1917 nlla
412 1850 522 1919 mortis
545 1853 747 1933 cogitatione,
776 1871 877 1936 neque
903 1849 1018 1936 legatis
1044 1857 1278 1934 comparantur.

151 1970 360 2054 perficiuntur
381 1979 485 2039 autern
507 1992 576 2039 cum
600 1972 732 2038 donator
754 1989 841 2037 suam
858 1945 1055 2038 uoluntatem
1074 1970 1200 2054 scriptia
1223 1978 1278 2037 aut

153 2091 226 2158 sine
253 2091 377 2173 scriptis
404 2092 661 2158 manifestauerit
706 2098 755 2157 eet
777 2099 809 2158 et
834 2091 875 2156 ad
904 2091 1077 2175 exemplum
1106 2091 1278 2158 uenditoris

154 2209 300 2294 quirem
322 2212 448 2276 tradere
471 2211 609 2292 cogitur,
638 2210 786 2293 principis
814 2211 912 2277 nostri
939 2211 1120 2277 constitutio
1151 2211 1280 2276 donato·

154 2347 224 2395 rem
245 2330 369 2396 omnino
391 2331 516 2396 tradere
539 2331 625 2396 iubet
647 2331 744 2396 robur
759 2330 918 2397 donationi
934 2334 1106 2412 praestane,
1129 2331 1201 2395 licet
1216 2336 1279 2394 tra·
1299 2339 1331 2391 lc

154 2449 236 2513 ditio
258 2468 319 2514 non
341 2451 382 2515 sit
403 2457 520 2516 secuta.
554 2469 611 2516 nec
632 2457 755 2517 tantum
777 2450 810 2515 id
832 2451 871 2516 de
893 2450 941 2514 his
962 2449 994 2514 in
1017 2467 1095 2532 qnos
1118 2448 1279 2514 conferun-

155 2579 213 2633 tur
234 2567 419 2635 donationes
441 2567 601 2649 piissimns
624 2571 767 2651 princeps
790 2577 896 2635 noster
911 2568 1083 2646 constitnit,
1107 2569 1162 2634 sed
1186 2569 1280 2633 etiam

157 2687 235 2768 quid
257 2685 344 2752 aliud
365 2687 487 2754 adiecit.
524 2690 580 2770 qui
600 2688 683 2754 enim
705 2696 791 2754 retro
814 2695 1026 2770 regnauerunt
1046 2688 1204 2771 principes
1227 2685 1280 2753 do·

158 2801 305 2874 nationes
338 2809 417 2874 actis
447 2809 728 2875 interuenientibus
756 2809 908 2874 insinuari
936 2808 1100 2886 uolebant,
1133 2809 1159 2872 ei
1189 2806 1280 2872 modo

158 2929 288 2994 donatio
310 2929 409 2996 maior
431 2928 482 2994 OG
504 2927 616 2994 fuisset
638 2927 817 2994 solidorum.
851 2929 919 3010 ipse
941 2932 1046 2992 autem
1069 2927 1159 2992 iussit
1181 2943 1281 3008 neque
1298 2945 1333 2998 uo

160 3048 200 3113 ad
223 3046 252 3111 D
275 3047 390 3114 solidos
413 3054 445 3115 et
466 3050 534 3114 sine
556 3047 765 3114 insinuatione
788 3049 983 3113 corroborari
1006 3048 1213 3113 donationem.
1236 3047 1281 3110 in·

159 3169 248 3234 uenit
269 3173 374 3233 autem
396 3169 548 3251 quasdam
572 3168 764 3246 donationes
786 3186 866 3252 quas
888 3187 989 3250 nequa
1004 3169 1281 3233 instrumentorum

160 3285 353 3353 confectione
388 3288 529 3369 indigere
558 3289 687 3366 statuit,
723 3288 796 3353 licet
822 3286 851 3350 D
880 3305 1045 3353 aureorum
1074 3286 1281 3366 quantitatem

160 3405 397 3488 superacerint,
432 3411 481 3472 set
509 3405 689 3472 firmitatem
719 3406 835 3471 habere
858 3407 1006 3471 decreuit.
1057 3406 1117 3470 elia
1154 3406 1283 3485 insuper

160 3526 260 3592 multa
282 3525 321 3591 ed
344 3525 521 3591 uberiorem
544 3531 660 3591 exitum
684 3530 715 3590 et
737 3525 801 3590 uim
824 3524 1027 3590 donationum
1052 3525 1181 3590 inuenit.
1206 3524 1281 3590 haee
1299 3541 1334 3594 ad

232 3767 256 3831 ¹)
274 3778 368 3819 namus
386 3762 483 3818 desunt
501 3770 529 3817 et
551 3764 623 3832 apud
641 3763 809 3818 Marcianum
826 3763 899 3832 (Diu.
918 3767 965 3832 39,
983 3765 1013 3832 6,
1037 3767 1049 3817 l
1069 3778 1104 3817 ax
1120 3762 1180 3816 111⁰
1198 3762 1284 3830 1nst.),

162 3850 236 3905 unda
259 3848 327 3904 haec
351 3855 459 3920 sumpta
483 3853 552 3904 snnt.
590 3864 635 3905 eos
658 3849 740 3905 latine
759 3851 796 3905 sic
813 3850 888 3906 isere
910 3851 1082 3918 interpretari
1101 3854 1221 3918 oportet:
1239 3846 1282 3902 Pi-

164 3950 237 4004 race,
255 3935 397 3990 nonenim
414 3936 539 3990 nouimus
557 3936 663 4005 qualem
686 3951 729 3990 ras
747 3937 849 3990 exitum
866 3937 1025 3992 sortientur:
1043 3935 1066 3989 si
1082 3950 1125 3989 me
1143 3935 1218 4005 proci
1240 3948 1283 3988 au·

161 4021 240 4091 perbi
263 4019 291 4075 in
317 4019 429 4075 aedibus
450 4021 518 4076 clam
543 4021 705 4077 interficiant
728 4028 755 4076 at
776 4027 891 4091 paterna
914 4023 984 4078 bonu
1007 4023 1057 4077 sibi
1080 4022 1214 4084 diuidant,
1233 4033 1285 4086 ago

161 4107 233 4162 maio
251 4104 279 4160 id
297 4113 325 4161 ta
342 4106 442 4162 habore
466 4122 547 4178 quam
573 4108 718 4176 quemlibet
740 4123 849 4168 eorum
872 4108 914 4162 sin
937 4116 1027 4162 autam
1045 4123 1095 4176 ago
1114 4107 1153 4162 eis
1170 4110 1284 4160 mortam

162 4198 190 4247 at
209 4208 321 4262 parcam
339 4207 436 4261 seram,
454 4199 519 4248 tunc
535 4192 562 4248 id
580 4193 646 4248 mihi
663 4193 736 4248 laeto
754 4194 826 4247 feres
844 4193 950 4248 domum
968 4194 1062 4248 iaetus.
