3078 4882
596 473 640 500 ·-
688 453 746 517 173
792 489 832 501 -

149 647 271 713 eantur,
288 633 489 704 'succedendo
511 639 586 704 iurc‘
600 639 716 704 iactum
739 645 888 720 rumpunt
910 621 1140 705 testamentum.
1169 645 1201 706 et
1215 639 1273 705 hoc

149 757 218 836 lege
235 754 317 821 Iulia
335 755 460 823 Vellaca
474 760 634 839 prouisum
651 766 700 822 est
717 757 749 823 in
769 777 832 840 qua
850 758 890 823 ad
912 757 1146 824 similitudinem
1170 765 1274 841 postu-

148 894 273 940 morum
289 877 458 941 exheredes
475 875 542 941 fieri
556 877 715 953 iubentur,
730 877 814 941 idest
830 895 927 958 nepos
942 877 1135 956 nominatim,
1156 875 1273 960 [neptis

108 1001 255 1066 sautem
278 997 458 1062 nominatim
474 996 538 1078 uel]
555 997 638 1061 inter
659 1002 779 1061 ceteros
803 995 906 1078 legato
929 979 1046 1062 relicto.
1071 997 1101 1060 3.
1126 997 1274 1063 Habebat

148 1113 279 1194 quidam
301 1113 398 1178 filiurn
421 1113 557 1180 filiamue
580 1117 799 1196 emancipatos.
828 1133 898 1180 cum
922 1121 1143 1186 testamentum
1167 1114 1272 1189 iaciat,
1308 1127 1324 1175 o

148 1234 234 1313 quod
263 1234 304 1296 ad
332 1233 382 1297 ius
411 1234 518 1310 ciuile,
552 1253 612 1297 non
636 1234 759 1314 cogitur
787 1253 840 1299 eos
871 1234 1001 1298 heredes
1028 1234 1195 1299 instituere
1224 1235 1273 1298 uel

148 1351 321 1415 exheredes
344 1351 491 1428 scribere,
514 1352 612 1434 ignoti
635 1359 708 1416 sunt
729 1353 811 1418 enim
838 1349 899 1433 legi
922 1351 982 1416 XII
1004 1351 1182 1416 tabularum
1206 1370 1272 1432 pro·

147 1476 220 1550 pter
235 1488 337 1564 ¹quom
359 1472 444 1551 passi
467 1477 540 1534 sunt
567 1470 679 1552 capitis
707 1447 960 1550 deminutionem.
1013 1475 1141 1549 praetor
1168 1474 1273 1533 autern

148 1589 326 1654 naturalem
349 1590 562 1669 cognationem
587 1591 770 1672 respiciens,
793 1591 851 1654 hos
879 1606 1002 1671 quoque
1029 1589 1144 1652 liberos
1167 1604 1273 1668 recog-

148 1708 264 1783 noscit,
294 1707 442 1788 iubetquc
465 1710 676 1790 emancipatos
703 1709 835 1775 heredes
866 1709 1038 1774 instituere.
1091 1707 1138 1771 sin
1167 1681 1272 1771 autern
1295 1717 1325 1767 ιο

149 1832 284 1890 testator
308 1827 394 1904 nolit,
417 1846 520 1892 mores
535 1827 659 1910 quidem
681 1829 861 1893 nominatim
877 1827 1115 1910 exheredentur,
1140 1825 1274 1891 seminas

148 1949 257 2008 autem
280 1953 312 2008 et
335 1935 514 2008 nominatim
537 1952 569 2009 et
592 1947 673 2009 inter
695 1950 825 2011 ceteros.
863 1945 946 2026 quod
969 1943 997 2008 si
1020 1963 1122 2025 neque
1144 1943 1274 2008 heredes

148 2063 338 2143 scribantur,
362 2081 479 2143 neque,
510 2063 560 2128 uti
584 2065 701 2130 dictum
732 2072 794 2138 est,
824 2063 993 2129 exheredes
1022 2053 1115 2142 fiant,
1145 2063 1201 2126 dot
1228 2059 1274 2126 eis

149 2189 277 2262 praetor
300 2191 409 2248 contra
431 2183 555 2248 tabulas
578 2184 729 2249 bonorum
753 2184 990 2265 possessionem,
1012 2199 1177 2265 perquam
1193 2178 1275 2244 filius

149 2319 289 2382 neposne
320 2319 440 2367 omnem
470 2293 609 2367 'defuncti
644 2303 796 2383 accipient
824 2303 1048 2378 substantiam,
1079 2299 1145 2364 filia
1169 2304 1273 2363 autem
1296 2299 1325 2349 1⁵

150 2419 297 2501 neptisue
320 2426 442 2485 tontum
464 2421 577 2503 accipit
598 2393 751 2501 quantum
775 2422 801 2485 si
823 2419 974 2503 potestati
1001 2418 1143 2483 subiecta
1163 2416 1275 2480 fuisset

105 2562 130 2627 p.
150 2540 361 2606 adcresceudo
384 2542 566 2622 accepisset.
608 2543 639 2603 4.
673 2538 758 2606 Haeo
785 2538 919 2622 primum
949 2539 1005 2603 tibi
1033 2541 1198 2619 perspecta
1220 2534 1274 2598 ha·

150 2659 236 2724 beas·
282 2660 309 2724 si
331 2679 423 2742 quem
446 2661 478 2724 in
507 2662 703 2741 adoptionem
731 2637 895 2741 accipiam,
926 2658 976 2723 hic
1004 2656 1079 2721 mihi
1108 2654 1192 2721 iilius
1215 2656 1275 2720 crit

151 2787 183 2843 et
205 2779 276 2844 iure
298 2783 332 2843 ot
353 2786 475 2844 natura.
519 2781 587 2844 iure
610 2780 735 2859 quidem
757 2785 887 2860 propter
914 2777 1132 2859 adoptionem,
1163 2781 1276 2840 natura

150 2904 257 2962 autem
287 2903 416 2980 propter
445 2899 524 2963 iuris
554 2897 634 2980 uim;
672 2899 721 2963 ius
750 2899 831 2962 enim
860 2899 954 2962 ctiam
987 2902 1132 2980 naturam
1167 2895 1197 2959 in
1228 2913 1276 2961 se·
1293 2908 1326 2958 no

151 3019 285 3099 metipso
309 3018 516 3098 amplectitur.
561 3036 598 3105 eo
621 3035 719 3099 usque
748 3023 853 3081 autem
883 3021 997 3080 natura
1026 3014 1081 3079 filii
1109 3015 1201 3080 huius
1222 3033 1276 3095 pa·

150 3143 200 3202 ter
222 3156 294 3203 esse
316 3138 485 3214 existimor,
508 3140 605 3205 donec
622 3139 749 3222 adoptio
765 3140 869 3204 durat.
892 3141 976 3220 quod
999 3140 1025 3202 si
1049 3157 1119 3203 eum
1141 3138 1274 3202 emanci-

149 3275 280 3337 pauer0‚
296 3276 367 3322 cum
381 3258 410 3322 is
425 3264 515 3323 actus
530 3259 572 3322 sit
586 3256 753 3339 legitimus,
776 3257 929 3339 legitimos
949 3255 1124 3338 adoptionis
1147 3255 1276 3320 effectus

150 3376 257 3441 soluit.
300 3391 372 3442 cum
394 3382 499 3441 autem
524 3377 572 3441 ius
594 3393 655 3441 non
683 3375 817 3456 amplius
846 3381 1006 3451 seruetur,
1033 3376 1152 3440 recedit
1181 3373 1274 3439 simui
