3058 4890
608 397 842 460 -227-

169 583 297 650 ditetem
320 584 474 667 adquiret.
519 591 552 650 st
572 585 603 649 iu
626 583 676 649 his
704 584 831 668 quidem
858 585 983 654 casibus
1012 585 1089 654 utils
1118 585 1179 653 erit
1206 586 1287 669 lego·

168 712 248 771 tum:
272 703 510 785 distinguuntur
532 705 613 770 enim
635 705 779 786 legatarii
802 710 834 772 et
860 704 982 771 heredis
1012 723 1174 786 personae.
1217 725 1289 788 pos·

168 843 237 891 sum
260 825 341 890 enim
363 844 383 891 o
404 823 604 903 manumisso,
627 825 681 907 qui
703 824 833 904 adierit,
859 825 909 891 uel
936 845 956 891 o
984 844 1066 890 nouo
1094 826 1218 892 domino
1245 827 1289 892 le·

168 950 275 1028 gutum
302 952 419 1027 petere.
469 944 517 1011 sin
547 948 653 1012 eutem
679 944 710 1008 in
737 962 809 1009 meo
838 948 993 1026 potestate
1021 946 1229 1026 permanserit
1256 951 1289 1012 et

167 1083 237 1131 meo
258 1064 347 1132 iussu
369 1065 490 1140 adierit,
518 1039 678 1130 euanescit
705 1063 857 1145 legetum3
884 1061 924 1129 lio
946 1065 1027 1130 enim
1057 1065 1227 1148 legatarius
1250 1083 1289 1130 ex
1322 1060 1340 1112 ⁵

112 1189 158 1241 34.
168 1190 372 1264 testamento,
405 1182 496 1249 heres
517 1191 622 1250 eutem
650 1202 688 1248 ex
718 1182 803 1250 serui
836 1182 983 1249 aditione.
1039 1163 1089 1248 34.
1122 1182 1205 1250 Ante
1237 1183 1287 1250 he

64 1367 65 1370 ,
167 1302 253 1368 redis
280 1301 509 1368 institutionem
536 1302 690 1368 inutiliter
718 1299 859 1382 legemus
886 1307 917 1367 et
946 1301 1016 1368 iure
1045 1301 1186 1384 quidem3
1217 1319 1287 1367 cum

167 1427 356 1488 testamenta
385 1420 573 1488 exheredis
606 1420 803 1488 institutione
836 1421 901 1486 uim
938 1420 1102 1503 occipiunt.
1154 1420 1287 1503 ideoque

167 1547 262 1625 oeput
290 1542 517 1623 quodammodo
544 1548 577 1609 et
604 1527 841 1607 tundamentum
869 1541 967 1607 totius
998 1540 1178 1605 testamenti
1202 1541 1288 1606 here

167 1662 216 1727 dis
237 1662 391 1727 institutio
413 1659 622 1743 intellegitur3
644 1668 676 1726 et
697 1662 803 1744 itaque
825 1659 978 1741 quidquid
1000 1661 1074 1724 onte
1095 1656 1220 1724 heredis
1242 1660 1288 1724 in·
1306 1660 1340 1712 10

167 1780 362 1848 stitutionem
385 1779 581 1863 relinquitur,
605 1785 693 1846 extro
715 1784 936 1846 testamentum
964 1796 1033 1844 esse
1058 1778 1193 1844 uidetur.
1238 1799 1288 1846 eo·

102 1971 104 1974 ,
168 1903 238 1966 dem
262 1902 383 1968 ratione
405 1921 462 1968 nec
484 1901 612 1968 libertos
635 1909 709 1968 ente
731 1902 960 1968 institutionem
990 1901 1059 1966 dori
1081 1906 1194 1983 potest
1239 1904 1288 1966 set

168 2039 237 2087 oum
261 2020 386 2086 ineiuile
409 2024 569 2104 putauerit
598 2022 813 2089 sanctissimus
842 2023 986 2103 princeps
1012 2028 1119 2087 noster
1147 2021 1286 2088 ordinem

167 2142 292 2221 quidem
315 2142 492 2223 scripturae
513 2144 544 2207 in
567 2149 755 2209 testamento
778 2160 833 2208 nos
860 2144 964 2224 sequi,
995 2143 1078 2225 quod
1104 2147 1137 2207 et
1162 2160 1181 2206 u
1202 2146 1287 2206 ueto·

167 2259 255 2326 ribus
278 2259 491 2341 uituperatum
513 2269 571 2340 est,
601 2261 796 2328 uoluntatem
826 2270 930 2327 autem
960 2261 1099 2327 defuncti
1129 2277 1284 2342 spernere,
1307 2264 1338 2316 15

167 2380 420 2447 constitutionem
443 2381 671 2463 promulgant,
694 2401 755 2464 qua
779 2382 836 2447 hoo
859 2399 983 2463 quoque
1004 2381 1114 2445 uitium
1144 2379 1285 2444 emendu-

166 2498 230 2578 uit;
251 2507 288 2563 ut
307 2498 400 2565 licent
429 2507 461 2565 et
488 2505 562 2567 unte
589 2501 713 2566 heredis
740 2500 967 2565 institutionem
997 2507 1028 2565 et
1057 2500 1139 2566 inter
1168 2497 1287 2563 medias

166 2616 316 2684 heredum
338 2616 551 2684 institutiones
573 2617 711 2702 legatum
734 2622 766 2684 et
787 2618 885 2684 multo
913 2619 1011 2701 megis
1038 2617 1216 2683 libertatem
1239 2635 1286 2684 re·

166 2735 316 2817 linquere,
339 2755 421 2820 quse
448 2756 571 2820 semper
599 2736 708 2803 fauore
736 2743 786 2804 est
813 2736 945 2804 adlecta.
1001 2744 1033 2803 et
1062 2742 1136 2803 oute
1163 2737 1287 2802 heredis

167 2856 403 2942 institutionem,
426 2858 525 2923 ueluti
547 2857 574 2922 si
597 2856 687 2924 initio
708 2858 888 2923 testamenti
911 2857 1024 2923 dicem:
1047 2855 1110 2922 llli
1132 2856 1286 2924 solidos
1303 2850 1339 2902 2⁰

167 2983 317 3042 eentum
339 2977 430 3057 lego
453 2977 504 3042 uel
525 2977 596 3042 ille
618 2976 719 3043 liber
742 2983 842 3055 esto,
858 2975 1193 3060 uddemqueinisrius:
1217 2975 1287 3042 ille

166 3094 263 3161 mihi
291 3095 408 3161 heres
440 3102 545 3162 esto:
579 3097 661 3162 inter
690 3097 807 3162 medies
835 3097 984 3163 heredum
1013 3095 1225 3162 institutiones
1254 3096 1286 3160 id

166 3213 216 3293 fit,
246 3196 317 3281 eum
347 3215 461 3282 dioem:
489 3215 642 3282 Primus
674 3237 717 3282 ex
747 3217 911 3282 semisse
941 3218 1054 3284 heres
1085 3222 1189 3281 esto:
1223 3214 1285 3281 illi

167 3341 318 3402 eentum
340 3334 489 3402 solidos
510 3337 598 3417 lego
622 3335 687 3418 (uel
708 3335 864 3404 Stichus
887 3355 1026 3402 seruus
1047 3334 1152 3402 liber
1173 3334 1286 3418 esto),

166 3455 363 3537 sdioiemque
385 3462 495 3538 postea
516 3455 648 3522 alterum
676 3457 823 3523 heredem
853 3456 912 3524 hoo
940 3458 1049 3523 modo:
1080 3453 1284 3522 Secundus
1302 3460 1337 3512 2⁶
