2990 4884
696 355 905 422 ..90-

242 547 316 612 καδ’
337 547 451 612 ἑαυτὸν
473 541 719 630 ἀντέγραψανῆ·
742 543 823 620 ῶςτε
852 539 907 607 ούν
937 541 1020 608 ἐστιν
1050 543 1154 626 εὑρεῖν
1182 541 1231 606 καὶ
1260 539 1367 604 πενίαν

242 649 394 735 ἐποφελῆ.
451 651 480 712 7.
520 647 592 712 Ἐάν
619 668 664 722 τις
694 645 850 734 κληθείςί)
879 643 923 722 τίς
949 645 1119 732 ἐπιτροπήν
1149 641 1366 732 ἀνεπιτήδειον
1382 643 1406 695 ⁷·

242 752 353 816 ἑαυτὸν
373 752 423 814 καί
451 750 507 814 υύκ
532 748 758 836 ἐξαρκούνταί)
787 752 867 833 πρδς
896 751 950 836 τήν
978 749 1121 836 διοίκησιν
1149 747 1318 833 ἀποδείξη,
1346 743 1366 829 ἢ

241 853 293 918 καί
315 853 404 916 νόσον
432 852 518 938 αύτῷ
546 854 707 934 προσεῖναι
734 851 1039 938 δικαιολογήσηταιί)
1063 851 1107 937 μή
1138 851 1366 938 συγχωρούσαν

208 953 331 1042 τούτῷ
349 951 432 1042 μηδὲ
454 951 516 1017 τῶν
538 951 657 1016 οἰκείων
680 949 902 1034 ἀντιλαβέσθαι
924 953 1125 1038 πραγμάτων,
1142 948 1365 1038 δεγθήσεταιί)

243 1055 355 1124 ἑαυτὸν
384 1053 605 1121 excusateiimn
632 1057 689 1140 τῆς
713 1052 893 1140 ἐπιτροπῆς.
945 1055 975 1119 8.
1004 1054 1039 1116 ‘0
1067 1053 1274 1136 ἀγράμματος
1303 1049 1365 1140 ἔχει
1381 1057 1404 1109 8.

244 1160 425 1246 παραίτησιν
449 1156 642 1244 κηδεμονίας,
665 1160 718 1222 τοῦ
741 1157 905 1222 θειοτάτου
921 1155 979 1223 Piu
1000 1154 1093 1220 τοῦτο
1110 1151 1365 1234 δεσπίσαντοςί),

245 1258 273 1324 εί
296 1263 345 1326 καί
367 1259 405 1322 τὰ
424 1259 559 1345 μάλιστα
581 1260 629 1322 καί
655 1259 684 1322 oi
712 1256 898 1340 ἀγνοοῦντες
924 1258 1097 1344 γράμματά
1123 1253 1206 1322 ἐστιν
1234 1257 1289 1320 ύτε
1316 1253 1366 1317 δύ-

245 1386 351 1428 νανται
371 1361 536 1448 ἀλλοτρίας
557 1361 680 1426 διοικεῖν
703 1361 893 1447 περιουσίας.
944 1362 973 1426 9.
1002 1357 1073 1424 Ἐάν
1098 1380 1145 1433 τις
1173 1360 1225 1424 τὸν
1254 1359 1364 1422 οίτείον
1382 1363 1405 1413 9·

195 1467 228 1520 1⁰
245 1462 361 1552 ἐχθρὸν
385 1462 553 1549 καταλείβη
575 1459 840 1528 testamentirion
865 1461 1035 1546 ἐπίτροπον
1065 1461 1111 1545 τῷ
1138 1459 1240 1545 οἰκείῳ
1272 1458 1365 1536 παιδί,

245 1563 577 1652 θκαυεοίθιιθήσεταιί)
599 1565 617 1628 ύ
640 1562 754 1642 δοθεὶς,
778 1563 883 1649 ὥςπερ
913 1563 961 1627 καί
987 1561 1027 1626 ἐκ
1054 1560 1111 1626 τοῦ
1138 1559 1283 1626 ἐναντίου
1312 1560 1367 1624 υύκ

244 1664 514 1749 θιααεαίθύθίαίθ)
537 1666 648 1748 θςτιςί)
672 1667 763 1740 ζῶντι
785 1671 830 1752 τῷ
856 1666 948 1751 πατρί
977 1669 1039 1728 τῶν
1066 1663 1195 1749 ἀνήβων
1224 1661 1366 1750 ε’πηγγεί-

245 1768 323 1832 λατο
347 1772 408 1832 τῶν
431 1764 525 1831 αύτού
548 1767 667 1832 παίδων
688 1764 931 1851 ἐπιτροπεύσειν.
940 1769 979 1849 ¹⁰)
1025 1767 1073 1831 10.
1110 1765 1219 1842 θύδείς
1240 1764 1278 1829 ἐκ
1298 1764 1413 1835 τού-ιο,

246 1891 300 1934 του
320 1869 419 1954 μάνου
438 1869 656 1951 ιυποαααίίουα
682 1871 787 1956 ἑαυτῷ
810 1871 1038 1940 κατασκευάσαι
1067 1869 1231 1957 δυνήσεται
1259 1865 1367 1950 λέγων,

197 1974 228 2025 15
246 1972 292 2034 ὅτι
313 1970 475 2052 ἄγνωστος
497 1971 675 2061 ύπάργωίί)
699 1975 745 2058 τῷ
766 1976 829 2036 τῶν
852 1972 931 2036 νέων
954 1971 1055 2056 πατρί.
1107 1974 1198 2036 τούτο
1221 1970 1282 2053 γὰρ
1306 1969 1368 2033 διά-

247 2075 332 2148 ταξις
351 2075 415 2137 τῶν
438 2072 607 2135 θειοτάτων
629 2071 777 2157 ἀδελφῶν
807 2073 934 2137 κελεύει.
990 2077 1039 2138 11.
1067 2065 1188 2160 Ἔγθρα
1217 2071 1411 2156 συμβᾶσάιι.

245 2199 299 2260 μοι
322 2176 401 2259 πρδς
423 2177 474 2238 τὸν
497 2173 617 2256 πατέρα
638 2177 701 2237 τῶν
723 2174 853 2261 ἀνήβων
877 2173 896 2262 ῆ
921 2180 983 2238 τῶν
1005 2175 1165 2261 ἀρηλίκων
1192 2174 1221 2240 εί
1248 2175 1294 2261 μή
1324 2172 1367 2257 εἴη

247 2276 404 2362 κεραλικῆ,
427 2271 532 2361 φιλίας
559 2273 595 2339 ἐν
616 2281 663 2360 τῷ
687 2275 806 2356 μεταξύ
826 2267 870 2362 μή
894 2275 1151 2363 παρεντεθείσης,
1175 2275 1304 2340 ἀπολύει
1329 2298 1368 2360 με

246 2379 302 2464 τῆς
323 2375 501 2463 ἐπιτροπῆς.
547 2376 576 2440 εί
596 2376 632 2440 δὲ
659 2374 714 2440 ούκ
735 2373 799 2442 ἐστι
828 2378 996 2463 κεφαλικῆ,
1025 2377 1062 2440 ού
1091 2375 1218 2441 δίδωσιν
1241 2378 1370 2442 exous'a·

195 2498 231 2550 πο
247 2479 345 2545 tiana.
394 2480 441 2544 12.
474 2477 545 2542 Ἐάν
567 2501 612 2554 τις
633 2477 777 2567 ἐπαγάγη
802 2503 855 2562 μοι
884 2481 955 2564 περί
981 2482 1204 2552 καταστάσεως
1213 2477 1251 2561 ¹⁹)
1281 2479 1368 2567 ζήτη·
1379 2487 1413 2537 11.

248 2605 305 2661 σιν,
326 2581 382 2644 οάκ
403 2579 678 2668 ἀναγκασθήσομαι
700 2586 762 2646 τῶν
785 2581 895 2645 τούτου
918 2579 1037 2644 παίδων
1057 2575 1282 2664 ἐπιτροπεύειν.
1320 2579 1412 2644 11113.

247 2679 283 2746 ‘0
294 2683 411 2766 μείζων
425 2687 488 2746 τῶν
503 2673 537 2744 ‘o'
550 2681 703 2748 ἐνιαυτῶν
725 2686 773 2748 καί
794 2682 968 2768 ἐπιτροπῆς
995 2683 1044 2746 καί
1072 2678 1254 2747 ουταίίοαυε
1275 2680 1370 2744 ἀπαλ-

250 2784 427 2871 λαγήσεται·
451 2785 469 2848 ύ
491 2783 521 2846 δ’
543 2786 644 2872 ήττων
666 2773 701 2850 ἶε
722 2783 873 2849 ἐνιαυτῶν
896 2785 990 2848 πάλαι
1007 2785 1065 2869 μὲν
1080 2783 1204 2872 κληθείς
1217 2781 1371 2871 ἐκέχρητο

250 2882 447 2950 excusationi
468 2885 584 2966 λέγων,
607 2887 653 2948 θτι
675 2888 776 2972 ῆττων
802 2887 863 2972 είμί
892 2891 953 2950 τῶν
980 2873 1020 2951 κε
1044 2885 1210 2964 ἐνιαυτῶν,
1233 2883 1371 2958 διάταξις

197 2994 231 3048 25
250 2985 286 3050 δὲ
309 2989 363 3050 τού
393 2985 547 3074 ήμετέρου
573 2986 732 3068 βασιλέως
758 2986 792 3051 ἐν
819 2988 951 3052 κωλύσει
981 2986 1089 3052 τοῦτον
1110 2985 1259 3074 ἐποίησεν
1283 2985 1370 3064 είναι,

249 3087 287 3152 υά
306 3088 368 3173 μήν
390 3085 425 3151 ἐν
447 3087 653 3178 excusationi.
676 3088 752 3154 ὅθεν
775 3087 806 3152 εί
823 3111 869 3164 τις
891 3087 1030 3154 ἐλάττων
1052 3089 1098 3153 ῶν
1121 3093 1182 3153 τῶν
1204 3074 1245 3152 R
1272 3085 1373 3151 ε’νιαυ·

252 3194 313 3253 τῶν
335 3188 435 3276 κληθῆ
456 3188 501 3264 είς
522 3187 689 3276 ἐπιτροπήν
712 3189 732 3276 ῆ
753 3191 849 3273 καθ’)
872 3187 1038 3256 αυταίίουα
1059 3191 1134 3254 ούδέ
1156 3191 1254 3255 δεῖται
1278 3207 1372 3256 exou-

250 3293 400 3370 mimos,
423 3293 469 3366 ῶς
491 3298 528 3378 τῆ
548 3291 626 3378 αύτῆ
649 3293 722 3378 θείᾳ
744 3291 917 3381 περιέχεται
939 3293 1086 3366 διατάξει.
1115 3293 1197 3368 ῶςτε
1219 3289 1276 3355 ούν
1298 3289 1372 3354 ούδέ

250 3392 388 3477 ρύρίίίοε
411 3393 484 3456 ούδὲ
506 3391 629 3480 ἔφηβος
648 3393 706 3478 μὲν
729 3395 848 3482 ἀφήλιξ
867 3393 905 3458 δὲ
927 3394 972 3470 είς
993 3395 1047 3482 τήν
1068 3393 1232 3476 legitimam
1247 3393 1372 3478 ε’πιτρο·

200 3515 235 3568 30
253 3497 311 3582 πῆν
332 3493 549 3582 κληθήσονται.
601 3494 639 3580 ῆν
667 3495 728 3580 γὰρ
753 3499 845 3561 τοῦτο
873 3497 975 3583 πάσης
1006 3497 1157 3583 πολιτικῆς
1183 3494 1374 3578 νομοθεσίας

324 3767 346 3830 1)
365 3763 414 3817 L1.
432 3764 493 3818 ονε
510 3768 686 3832 ωτι-ριν.
794 3768 817 3836 ν)
835 3769 910 3840 -ογ
929 3769 958 3823 Ρ.
1078 3766 1181 3835 ³)‹10ii
1198 3781 1233 3822 ex
1250 3767 1373 3830 Ρ.,ων.

252 3849 388 3916 ἐξαρκεῖν.
492 3853 516 3918 4)
534 3852 622 3922 -ήση
642 3851 674 3910 F.
801 3855 825 3920 ⁵)
842 3853 988 3924 δυνήσεται
1006 3853 1035 3907 Ρ.
1054 3853 1100 3922 qui
1117 3853 1134 3906 Ι.
1153 3850 1373 3912 ίξκονσατεύειν.

252 3933 275 4000 6)
293 3933 472 3994 κελεύσαντας
490 3934 519 3987 Ρ.
633 3937 656 4002 7)
674 3937 818 3989 -τεύεται
836 3935 877 3991 vi.
899 3935 932 3990 R.
1035 3937 1059 4003 θ)
1077 3935 1262 4006 -ευθήσεται
1280 3933 1324 3988 vi.
1341 3934 1372 3988 R.

252 4020 275 4086 ⁹)
295 4017 336 4070 ἐτι
353 4017 413 4074 αδδ.
432 4017 475 4074 Vi.
492 4018 525 4074 R.
603 4022 638 4087 l⁰)
656 4019 718 4076 dedi
735 4037 769 4074 ex
787 4020 850 4076 Fa:
867 4025 930 4076 cett.
950 4022 1032 4075 κύειν.
1101 4024 1137 4087 11)
1156 4021 1277 4091 ὑπῆρχεν
1298 4021 1330 4074 G.
1343 4018 1373 4073 F.

252 4107 371 4176 -ῆυκνν
390 4103 432 4160 Vi·
450 4103 483 4158 R·
586 4105 621 4175 1²)
639 4105 721 4176 τύχηι
738 4106 781 4161 vi.
799 4105 831 4161 τι
935 4107 970 4174 1³)
988 4107 1013 4162 d.
1031 4104 1073 4160 vi.
1092 4106 1125 4162 R.
