3022 4884
704 403 935 468 -141-

263 588 393 675 γάμου
415 591 436 677 η
456 590 555 674 μετὰ
574 591 700 678 γάμον
720 590 881 677 γινομένη,
910 592 928 653 ό
956 584 1184 672 εὐσεβέστατος
1210 585 1301 671 ἡμῶν
1326 583 1389 666 βα-

264 691 366 768 σιλεὺς
398 692 568 770 ἀνελλιπεῒς
599 695 655 774 τὰς
683 691 870 779 νομοθεσίας
898 691 977 758 εἰναι
1009 690 1204 775 βουλόμενος
1232 685 1283 752 καί
1310 687 1388 770 πρό-

264 819 371 882 σφορα
396 796 435 860 τὰ
457 797 595 882 ὀνόματα
616 800 682 873 τοῖς
706 796 865 882 πράγμασι
894 792 1081 867 σπουδάζων
1108 790 1187 856 εἶναι
1215 787 1388 854 διετύπωσε

264 898 319 974 τὰς
341 897 483 974 τοιαύτας
504 898 629 986 δωρεὰς
648 900 692 986 μὴ
720 898 816 983 μόνον
846 893 999 970 αύξεσδαι
1026 898 1221 968 συνεστῶτος
1248 890 1305 956 τοῦ
1331 892 1388 974 γά·

229 1011 334 1081 ὁμου,
358 1000 503 1065 ἀλλὰκαὶ
525 1000 692 1083 λαμβάνειν
714 1002 825 1088 ἀργήν.
860 999 889 1064 εἰ
909 999 970 1084 γὰρ
993 996 1157 1084 συνηφδην
1184 993 1247 1078 ἐγὼ
1269 993 1388 1077 γυναικί

263 1104 342 1186 πρὸς
363 1103 464 1185 γάμον
486 1101 523 1166 ού
545 1105 752 1189 ποιησάμενος
772 1103 849 1185 εἰςῑ)
872 1098 968 1188 αὐτὴν
984 1102 1058 1182 πρὸ
1081 1101 1209 1184 γάμου
1231 1096 1388 1180 δωρεὰν

263 1205 316 1293 η’)
338 1206 389 1270 διὰ
411 1207 516 1270 πενίαν
537 1209 630 1293 τυγδν
652 1205 673 1293 ἢ
694 1205 745 1270 καί
766 1205 877 1291 ἑτέραν
900 1202 1006 1282 αἰτίαν,
1040 1200 1093 1266 νῦν
1114 1201 1151 1265 δὲ
1173 1198 1388 1288 συστήσασθαι

262 1309 425 1393 βούλομαι,
448 1309 606 1373 ἀκώλυτόν
628 1308 738 1392 εἰναίθ)
758 1333 812 1393 μοι
835 1309 868 1371 τὸ
884 1312 1021 1391 πρᾶγμα,
1044 1304 1145 1369 ουκέτι
1167 1305 1240 1389 πρὸ
1261 1306 1387 1386 γάμου

264 1412 420 1498 δωρεὰν
443 1413 519 1476 ἀλλὰ
541 1412 606 1476 διὰ
631 1414 761 1497 γάμον
791 1410 972 1493 δωρεὰν4)
999 1407 1115 1494 ταύτην
1142 1405 1305 1471 καλεῖσδαι
1333 1404 1388 1469 δε-

214 1521 247 1572 10
264 1515 384 1590 σπίσας.
428 1513 601 1587 ἐξισούσδω
624 1515 722 1580 τοίνυν
744 1516 764 1601 η
787 1515 848 1599 πρὸ
871 1514 972 1597 γάμου
1003 1510 1114 1595 δωρεὰ
1142 1512 1181 1597 τῇ
1209 1507 1310 1594 προικί
1335 1508 1388 1572 διὰ

265 1617 381 1681 τούτων
405 1619 452 1681 καί
475 1618 580 1700 ὥςπερ
604 1616 640 1681 οδ
661 1618 757 1702 μόνον
780 1614 893 1696 αὔξειν,
919 1615 995 1679 ἀλλά
1010 1613 1061 1678 καί
1084 1612 1252 1677 ἐπιδιδόναι
1273 1615 1389 1698 προῖκα

261 1717 341 1803 μετὰ
362 1719 504 1783 σύστασιν
526 1719 626 1803 γάμου
649 1721 790 1797 δυνατὸν,
814 1718 897 1782 ούτω
928 1716 977 1781 καί
1000 1718 1030 1781 αἰ
1053 1716 1104 1781 διὰ
1125 1716 1245 1801 γάμους
1266 1714 1387 1799 γινόμε-

265 1846 312 1886 ναι
333 1821 451 1906 δωρεαὶ
469 1824 514 1909 μη
533 1823 630 1907 μόνον
651 1819 910 1908 προηγείσδωσαν
933 1825 995 1884 τῶν
1015 1822 1126 1904 γάμων
1141 1820 1219 1882 ἀλλὰ
1235 1819 1285 1882 καί
1305 1817 1387 1898 μετὰ

265 1925 410 1988 σύστασιν
433 1922 534 1987 αὐτῶν
558 1925 606 1988 καί
626 1923 661 1987 ἐκ
681 1923 799 2009 μέρους
820 1922 1018 2006 γινέσδιυσαν
1040 1924 1090 1986 καί
1111 1922 1211 2009 ἀρχὴν
1225 1920 1387 2010 δεγέσδιο-

215 2029 246 2081 15
263 2049 329 2089 σαν.
352 2028 382 2089 4.
405 2025 619 2112 δίἰίίρήκαμεν
632 2025 782 2110 ἐννόμους
804 2028 922 2113 κτησεις
943 2029 1000 2112 τὴν
1022 2026 1073 2089 διὰ
1100 2023 1316 2109 usucapionos
1336 2025 1388 2089 καὶ
1404 2035 1431 2084 4.

262 2129 351 2214 τὴνῡ)
380 2129 430 2191 διὰ
456 2127 581 2211 μακροῦ
600 2129 723 2216 χρόνου
753 2134 857 2216 νομῆς.
910 2130 1011 2217 ζητῶν
1041 2130 1078 2194 δέ
1106 2153 1152 2206 τις
1180 2128 1389 2214 παλαιότερον

263 2229 314 2295 καί
334 2231 426 2294 ἄλλον
448 2231 574 2319 εὑρήσει
596 2231 710 2315 τρόπον
732 2231 862 2317 ἐννόμου
888 2235 1044 2321 κτήσεως·
1073 2231 1165 2308 οὗτος
1191 2231 1228 2296 δέ
1256 2231 1340 2295 ἐστιν
1369 2232 1389 2294 ό

131 2397 135 2407 f
263 2337 319 2420 τῆς
340 2334 597 2420 προσαυξησεαις.
642 2332 758 2417 ἐγίνετο
781 2336 817 2398 δὲ
839 2334 948 2400 τοῦτον
976 2338 1027 2400 τὸν
1058 2337 1182 2422 τρόπον.
1227 2333 1388 2416 Primos⁸)
1506 2383 1507 2400 ι

263 2438 312 2499 καὶ
342 2435 441 2501 Titios
473 2433 554 2523 εἰχον
584 2434 732 2499 ἐπίκοινον
761 2437 888 2524 οἰκέτην.
943 2439 960 2498 ό
991 2437 1115 2502 Primos
1143 2436 1229 2520 παρὰ
1258 2437 1388 2522 γνώμην

212 2556 247 2608 20
263 2539 353 2621 roffi)
375 2537 459 2602 Ἠλία
480 2539 532 2601 τὸν
553 2540 653 2602 κοινὸν
674 2537 894 2625 ηλευδέραισεν
917 2539 1034 2626 οἰκέτην
1061 2537 1206 2624 uindictq
1232 2537 1330 2626 ἤγουν
1351 2537 1388 2602 ἐν

264 2634 441 2728 διαόηκηξθ)
496 2640 657 2706 ἐκέλευσεν
686 2643 705 2728 η
735 2642 867 2728 πολιτικὴ
905 2641 1077 2723 νομοδεσία
1104 2640 1153 2703 ἐπὶ
1186 2641 1300 2705 τούτου
1331 2639 1389 2704 τοῦ
1505 2677 1506 2706 ss

264 2741 401 2825 δέματος
420 2743 464 2828 μὴ
484 2744 580 2826 μόνον
603 2745 654 2806 τὸν
676 2743 806 2809 Primon
827 2744 958 2832 μηδὲνθ)
982 2749 1078 2810 ποιεῖν
1099 2744 1181 2830 μηδὲ
1197 2747 1248 2808 τὸν
1264 2743 1389 2829 οἰκέτην
1505 2735 1506 2761 ’

264 2846 464 2910 ἀπαλλάττειν
487 2852 543 2934 τῆς
564 2849 715 2928 δουλείας,
739 2850 816 2912 ἀλλὰ
841 2851 891 2914 καί
919 2849 1080 2913 ἀπολλύειν
1109 2849 1187 2935 ὅπερ
1216 2847 1269 2910 ἐπ’
1301 2847 1390 2932 αὐτῷ

261 2947 362 3033 μέρος
383 2947 447 3036 εἰγε
473 2951 674 3033 δεσποτείας,
704 2953 913 3039 ἀπολλύμενον
941 2953 977 3016 δὲ
1007 2955 1099 3015 τοῦτο
1129 2949 1179 3014 ἐπὶ
1205 2952 1257 3015 τὸν
1280 2949 1387 3016 Tition

212 3064 246 3116 25
264 3051 412 3140 ἔργεσθαι
444 3052 552 3140 δικαίῳ
587 3057 833 3141 προσαυξησευις
869 3057 920 3118 καί
949 3054 986 3127 ἐξ
1011 3053 1263 3138 ἀποτελέσματος
1289 3051 1388 3134 μόνον
1504 3067 1505 3104 2

263 3157 360 3239 τδνῙθ)
383 3155 488 3221 Tition
509 3156 650 3239 γίεεσδαι
672 3155 767 3222 αὐτοῦ
791 3158 954 3244 δεσπότην.
1008 3157 1077 3220 ἀλλ’
1105 3155 1211 3244 ἐπειδὴ
1241 3157 1387 3220 κάκιστον

263 3255 301 3345 ἦν
323 3258 414 3322 τοῦτο
436 3260 633 3343 παράδειγμα
655 3262 688 3324 τὸ
710 3262 833 3324 καὶτὸν
863 3259 981 3346 οἰκέτην
1010 3259 1191 3342 στερεῖσθαι
1216 3265 1273 3348 τῆς
1302 3259 1387 3323 ἐλευ·

264 3358 374 3446 ἀερίας
395 3363 443 3425 καὶ
472 3362 544 3438 τοὺς
568 3363 626 3444 μὲν
654 3363 876 3450 φιλάνθρωπόν
908 3387 935 3426 τι
962 3362 1239 3448 βουλευσαμένους
1268 3360 1318 3425 ἑπί
1340 3363 1387 3447 τῷ
1503 3393 1504 3398 ¹

263 3463 365 3550 οἰκέτη
389 3465 543 3542 δεσπότας
565 3464 759 3554 ζημιοῦσθαι,
785 3465 856 3540 τοὺς
877 3463 915 3527 δὲ
934 3464 977 3551 μὴ
999 3464 1216 3552 βουληθέντας
1231 3462 1384 3543 τούτονῃ)

118 3589 121 3596 ’
212 3588 247 3639 30
264 3562 386 3652 ἐλεῆσαι
406 3569 457 3631 καί
477 3566 620 3644 δουλείας
634 3569 807 3641 ἀπαλλάξαι
822 3567 1001 3653 κερδαίνειν,
1026 3566 1080 3632 τού
1098 3567 1217 3651 μέρους
1232 3567 1339 3642 αὐτοῖς
1346 3565 1384 3647 ¹¹)

264 3669 557 3754 προσαυξανομένου
580 3668 633 3733 τοῦ
655 3671 788 3751 οἰκέτου,
817 3670 990 3754 βασκανίας
1020 3672 1195 3755 ἀνάμεστον
1223 3673 1257 3734 τδ
1288 3671 1385 3734 τοιού·
1502 3743 1503 3750 γ

331 3839 354 3904 1)
372 3837 443 3905 πρὸς
459 3835 501 3894 Vi.
520 3838 565 3892 R:
583 3836 679 3894 deinde
697 3841 878 3909 προγαμιαίαν
898 3838 948 3894 Ικθ.
1027 3839 1050 3907 ²)
1068 3840 1094 3895 ἀ.
1113 3839 1155 3894 vi.
1173 3838 1206 3893 R.
1281 3838 1305 3903 ³)
1322 3841 1384 3906 post

263 3937 290 3976 ιι.
308 3925 422 3992 πρᾶγμα
438 3923 553 3979 reiciunt
570 3925 613 3979 Vi.
631 3925 665 3980 R.
804 3927 828 3993 ⁴)
845 3925 870 3980 δ.
889 3927 912 3978 δ.
929 3943 956 3992 γ.
973 3925 998 3982 δ.
1017 3928 1051 3979 de
1069 3924 1108 3980 M.
1237 3924 1261 3992 ὅ)
1279 3929 1330 3993 τῆς
1346 3922 1383 3976 Μ.
1501 3955 1502 3998 1

263 4008 287 4068 ⁶)
303 4002 441 4074 Πατρῖμος
457 4007 503 4062 hio
519 4015 547 4062 et
564 4008 648 4066 deine.
667 4008 708 4065 Vi.
727 4009 760 4063 R.
910 4009 934 4077 ἰ)
951 4008 976 4062 ἀ
994 4008 1045 4064 Ιιΰ.
1062 4009 1105 4063 vi.
1123 4009 1155 4064 Β,
1298 4008 1322 4074 ⁸)
1340 4008 1383 4059 ἰπὶ

264 4089 400 4163 ἄρχοντος
416 4092 458 4147 vi.
476 4092 507 4148 R.
609 4093 632 4163 ⁹)
650 4093 693 4147 Ita
710 4093 747 4147 Μ.
765 4092 812 4147 11².
832 4093 894 4147 M:
914 4099 965 4151 cet.
983 4093 1069 4148 οὐδὲν.
1191 4095 1227 4161 ¹⁰)
1246 4093 1271 4149 d.
1290 4092 1333 4147 Vi.
1351 4092 1383 4148 Β.

263 4178 300 4243 ¹¹)
315 4193 415 4238 -τους
430 4177 473 4233 vi,
575 4178 611 4246 1ἱ)
630 4181 720 4231 -τῶν
739 4176 781 4232 vi.

332 4263 361 4326 a]
381 4262 420 4317 Of.
437 4263 499 4331 Epi.
516 4266 559 4330 34,
579 4266 617 4317 16.
