3022 4884
675 407 907 473 -130-

235 593 346 658 δδικον·
364 593 440 659 εἶναι
462 596 514 658 ιδν
544 595 655 680 νόμον,
685 596 731 660 ύτι
759 595 867 681 ἔτερος
894 595 952 678 μὲν
980 594 1031 659 διδ
1059 599 1116 680 τῆς
1144 594 1361 676 αεαοερίοααε

237 697 359 782 ἐγένετο
386 698 556 785 δεσπότης,
584 698 694 782 ἕτερος
722 697 759 766 δὲ
787 703 851 768 τῶν
879 697 997 766 ολκείων
1028 696 1191 780 ἐστερεῖτο.
1215 701 1360 781 πραγμά-

238 823 309 874 των.
354 803 443 876 τοῦτο
466 800 526 884 γὰρ
549 799 708 889 ἐπενοήθη
729 801 806 882 ὑπὲρ
837 804 891 864 τού
919 804 962 887 μη
989 800 1181 885 φθείρεσθαι
1208 801 1288 868 αὐτὰ
1317 799 1360 863 τὰ

237 903 414 988 πράγματα.
460 903 588 980 ἕκαστος
613 906 674 992 γὰρ
701 904 823 982 ἀγνοῶν
853 904 986 988 πότερον
1014 904 1120 988 ἑαυτῷ
1148 902 1293 986 διαφέρει
1320 905 1358 964 τὸ

202 1009 373 1096 ππρᾶγμα,
396 1005 414 1067 δ
438 1005 571 1091 νέμεται,
594 1005 740 1087 οὐδεμίαν
762 1006 925 1084 ἐποιεῖτοῑ)
954 1004 1066 1068 τούτου
1096 1001 1250 1089 φροντίδα
1277 1003 1360 1068 ἐλπί-

237 1109 299 1182 ζων
322 1108 493 1197 ότεδήποτε
515 1107 791 1194 παραγενήσεσθαι
812 1109 866 1171 τὸν
888 1107 989 1193 ἀληθῆ
1018 1106 1169 1193 δεσπότην
1192 1107 1241 1169 καί
1264 1109 1356 1170 ταῦτα

236 1212 387 1291 ἀποσπᾶν,
431 1213 479 1274 καλ
501 1210 535 1274 ἐκ
556 1215 611 1298 της
631 1211 776 1295 τοιαύτης
790 1209 941 1293 ἐννοίας’)
964 1209 1168 1296 ἐρραθύμοον
1185 1211 1214 1272 οί
1230 1208 1358 1295 ἄνθρω-

237 1337 288 1378 ποι
308 1315 359 1378 καλ
382 1312 611 1400 ῥαθομούντων
634 1315 768 1397 αύτῶνδ)
791 1313 899 1398 ἔμενεν
922 1313 1104 1398 ἀπρονόητα
1127 1313 1163 1376 τὰ
1185 1315 1355 1396 πράγματα

236 1418 284 1480 καλ
313 1421 374 1479 τῶν
411 1419 601 1500 πραγμάτων
628 1415 725 1480 ὄντων
760 1417 964 1501 ἀπρονοήτων
998 1415 1137 1478 ἀπώλεια
1165 1415 1214 1478 καί
1242 1415 1356 1498 φθορὰ

187 1532 220 1584 10
236 1519 363 1595 εἰκότως
383 1519 487 1594 αὐτοῖς
509 1518 717 1601 προσεγίνετα.
763 1519 1077 1607 καταστοχασάμενος
1099 1515 1153 1581 οὖν
1176 1519 1193 1580 ό
1216 1515 1359 1580 δωδεκά-

236 1621 344 1696 δελτος
366 1624 451 1708 της4)
474 1623 617 1708 τοιαύτης
639 1626 700 1684 τῶν
708 1622 733 1704 ⁵)
756 1619 936 1702 ἀνθρώπων
966 1621 1099 1699 ἐννοίας,
1122 1620 1220 1703 ὥρισε
1240 1619 1358 1708 χρόνον

236 1724 407 1804 ένιαατοῢθ)
430 1724 478 1788 ἐπὶ
501 1730 561 1788 τῶν
582 1729 722 1810 κινητῶν,
745 1723 858 1787 διετίαν
881 1723 918 1786 δὲ
948 1723 996 1786 ἐπὶ
1026 1727 1086 1787 τῶν
1116 1723 1285 1811 ἀκινήτων,
1317 1721 1358 1784 ού

236 1825 323 1901 ἐντὸς
345 1827 372 1888 εί
390 1828 435 1912 μή
462 1826 666 1912 παραγίνηται
693 1828 710 1889 ύ
737 1825 910 1912 δεσπότης,
941 1826 1151 1910 ἀναφαίρετον
1160 1825 1185 1906 7)
1210 1825 1297 1907 μένει
1319 1827 1356 1888 τὸ

237 1933 363 2013 πρᾶγμα
385 1930 471 2012 παρὰ
493 1933 538 2015 τῷ
561 1928 732 2014 νεμομένῳ,
756 1929 810 1991 οὐκ
832 1927 1085 2010 ἀγανακτούντων
1102 1931 1163 1990 τῶν
1178 1925 1358 1990 δεσποτῶν·

186 2042 219 2093 15
236 2029 324 2118 ήρκει
345 2033 405 2116 γὰρ
428 2033 532 2105 αὐτοῖς
558 2032 698 2096 ἐνιαυτοῦ
728 2030 748 2117 ή
778 2031 891 2107 διετίας
918 2030 1032 2118 χρόνος
1061 2032 1139 2116 πρὸς
1165 2029 1356 2116 ἀναζήτησιν

236 2135 438 2201 τῶνοίκείων
461 2136 662 2219 πραγμάτων.
706 2133 783 2196 ἀλλὰ
809 2136 907 2196 ταῦτα
932 2133 990 2216 μὲν
1016 2133 1034 2195 ό
1063 2131 1313 2208 δωδεκάδελτος·
1339 2134 1360 2194 ύ

235 2235 272 2300 δέ
286 2233 439 2324 ήμέτερος
453 2237 603 2319 βασιλεὺς
616 2236 748 2304 καλλίονι
763 2237 810 2298 καὶ
825 2234 1143 2321 φιλανθρωποτέρᾳδ)
1157 2235 1361 2322 χρησάμενος

235 2337 355 2425 διανοίᾳ
363 2339 388 2422 9)
412 2340 584 2425 προσέταξε
604 2339 648 2424 μὴ
671 2338 831 2422 συντόμως
854 2336 926 2410 τούς
948 2337 1103 2410 δεσπότας
1125 2336 1306 2421 στερεῖσθαι
1315 2339 1358 2418 ¹⁰)

235 2444 295 2502 τῶν
318 2441 436 2516 οἰκείων
460 2443 651 2525 πραγμάτων
672 2443 721 2503 καὶ
743 2439 816 2503 οὐδὲ
833 2441 924 2526 ῥητῷ
947 2439 1032 2522 τόπῳ
1058 2439 1110 2526 τὴν
1133 2437 1246 2502 οἰκείαν
1269 2439 1354 2503 ἐστέ-

182 2561 218 2613 20
236 2565 337 2606 νωσεν
359 2543 556 2628 εὐεργεσίαν,
585 2543 653 2608 ἀλλ’
682 2543 867 2630 έξεφῶνησε
895 2542 973 2626 ὑπὲρ
1001 2541 1113 2605 τούτου
1141 2541 1260 2628 γενικήν
1290 2543 1355 2604 διαί·

234 2646 329 2725 ταξιν,
351 2643 387 2709 έν
408 2643 428 2732 ή
450 2645 657 2731 διηγόρευται,
680 2645 759 2720 ῶςτε
781 2643 896 2727 τὰμὲν
919 2643 1024 2729 κινητὰ
1045 2644 1214 2727 πράγματα
1243 2667 1356 2707 παντα-

233 2749 291 2832 χοῦ
314 2750 368 2832 τής
390 2749 522 2831 τριετίας
549 2746 819 2832 παραδραμούσης
841 2744 1136 2827 αεαααρὶῑθύθεθαι,
1164 2745 1202 2809 τὰ
1229 2745 1266 2810 δὲ
1295 2747 1360 2809 ἀκί

236 2869 311 2934 νητα
333 2847 384 2912 διδ
406 2853 460 2934 τῆς
483 2853 537 2912 τού
556 2852 680 2932 μακροῦ
697 2849 815 2936 χρόνον
838 2852 984 2936 κατοχῆς,
1013 2849 1226 2931 τοοτέστινῑῑ),
1250 2849 1279 2914 εί
1297 2850 1359 2934 μὲν

236 2951 376 3034 πάρεισιν
398 2953 426 3014 οί
440 2951 599 3031 δεσπόται,
622 2951 793 3028 δεκαετίας,
818 2951 846 3014 ελ
866 2950 903 3013 δὲ
924 2951 1193 3036 ἀπολιμπάνονται,
1217 2952 1360 3016 εἰκοσαε-

185 3068 219 3120 25
239 3051 301 3126 τίας
324 3053 552 3140 παρελθούσης.
580 3053 654 3128 οἷον,
676 3054 774 3137 ἀγρὸν
795 3051 1008 3118 αίταάίδααεύε
1029 3075 1083 3136 μοι
1105 3052 1124 3140 ή
1146 3054 1242 3117 οἰκίαν
1263 3054 1355 3140 Τίίίφ

168 3149 170 3156 “
236 3153 449 3240 διαφέρουσαν
472 3155 675 3220 ύποπτεύοντί
693 3179 746 3241 μοι
768 3153 846 3218 ελναί
866 3178 903 3219 σε
930 3155 1084 3240 δεσπότην
1111 3156 1159 3218 καὶ
1185 3154 1236 3218 διὰ
1265 3161 1356 3220 τοῦτο

238 3258 322 3323 bona
343 3255 406 3320 fide
428 3256 588 3346 δεχομένῳ
612 3259 645 3321 τὸ
669 3261 807 3343 πρᾶγμα.
850 3256 877 3319 εί
895 3255 953 3337 μὲν
975 3255 1141 3342 ένδημεῖύ
1164 3255 1275 3336 Titios,
1298 3259 1359 3342 ἀρ·

236 3361 284 3422 κεῖ
298 3383 353 3440 μοι
375 3361 454 3440 πρὸς
474 3359 668 3442 usucapioua
695 3358 854 3438 δεκαετία,
887 3358 916 3421 ελ
943 3357 980 3422 δὲ
1007 3359 1249 3444 ἀπολιμπάνεται
1277 3362 1360 3426 εἰκο-

151 3549 153 3554 Ι
236 3462 352 3526 σαετία.
395 3465 493 3526 ταῦτα
515 3462 551 3525 δὲ
572 3462 610 3525 ού
629 3461 726 3543 μόνον
749 3461 798 3524 ἐπὶ
820 3465 880 3525 τῶν
902 3461 935 3525 ἐν
959 3461 1041 3548 ιήῑδ)
1064 3460 1175 3552 Ἰταλίᾳ
1202 3464 1357 3547 διακειμέ-

184 3592 222 3645 30
242 3587 303 3628 νων
324 3565 490 3653 ἀκινήτων,
513 3565 590 3629 ἀλλὰ
618 3563 678 3647 γὰρ
707 3565 757 3628 καὶ
780 3563 828 3628 ἐπὶ
853 3568 916 3627 τῶν
944 3563 977 3626 έν
1007 3563 1182 3652 ἐπαρχίαις,
1212 3565 1232 3628 δ
1262 3568 1358 3631 πάλαι

305 3838 329 3901 1)
347 3836 431 3887 -οίει
447 3835 489 3889 Ll
514 3836 565 3889 Μ.
666 3835 690 3903 ¹)
707 3836 793 3895 αἰτίας
812 3835 852 3889 vi.
870 3836 902 3890 Β.
1013 3836 1036 3903 ³)
1054 3837 1158 3890 τούτων
1175 3840 1280 3908 ῥαδομ.
1299 3838 1353 3892 11⁸.

235 3921 301 3989 4)(1.
321 3921 351 3975 F.
426 3967 429 3976 .
488 3923 511 3987 ⁵)
528 3920 553 3975 d.
573 3920 613 3974 vi.
630 3918 661 3974 R.
808 3921 832 3988 6)
850 3924 929 3973 -τδν
947 3921 979 3975 F.
1106 3923 1129 3987 ἵ)
1148 3924 1296 3992 -φέρετον
1314 3925 1353 3978 Μ.

236 4007 260 4075 ⁸)
274 4007 471 4078 χρησιμωτέρα
488 4006 546 4076 Ιιῖ,
564 4014 605 4062 set
621 4024 673 4077 mg.
692 4009 745 4076 φιλ.
908 4010 931 4076 9)
950 4011 1015 4065 διον.
1032 4029 1080 4083 χρ.
1098 4013 1140 4067 Vi.
1158 4013 1204 4067 R.:
1222 4013 1293 4068 infra
1311 4013 1352 4066 ἔν-

237 4093 284 4144 δον
302 4107 351 4160 pro
370 4091 448 4151 ἐντός
465 4091 515 4145 Ιιῦ.
621 4095 656 4158 10)
675 4111 751 4162 οπερ.
770 4093 835 4153 τούς
851 4095 928 4148 δεσπ.
946 4094 990 4150 Vi.
1008 4095 1042 4151 R.
1148 4100 1183 4165 11)
1202 4098 1226 4153 d.
1245 4097 1288 4152 Vt
1306 4098 1356 4152 R:

236 4173 373 4233 infra‘dtd
391 4177 451 4232 aa?
470 4177 521 4233 Ιιθ.
624 4179 659 4248 1²)
677 4178 702 4233 d.
720 4175 770 4235 Ll.
787 4177 837 4234 12².
854 4178 904 4232 11⁶.
922 4179 965 4235 Vi.
983 4179 1021 4235 R.
