3144 4884
694 423 928 486 -161-

253 610 274 696 ή
296 612 328 672 ἐν
351 610 563 692 ἐλεφαντίνοις
584 610 763 697 πτυγίυις.ῑ)
805 609 853 673 13.
888 608 1020 672 Δόναται
1043 606 1115 690 δέ’)
1138 628 1183 682 τις
1205 606 1379 691 διατιθέμε-
1391 628 1431 680 13,

254 732 307 786 νος
329 710 443 785 πολλὰς
466 709 662 792 ῖσοτόπουςέ)
685 710 818 795 γράφειν
841 709 996 796 διαθήκας
1018 707 1120 785 οὕτως
1149 709 1269 794 μέντοι,
1300 709 1381 786 ῶςτε

251 813 326 898 μίαν
348 813 479 899 ἑκάστην
502 812 605 876 αὐτῶν
626 812 705 876 κατὰ
725 813 779 898 τήν
803 811 978 896 κρατοῦσαν
1002 811 1034 875 ἐν
1057 809 1223 896 διαθήκαις
1237 834 1381 896 παραφυ-

254 916 347 1001 λακήν
377 913 591 999 περαιοῦσθαι.
643 911 733 978 τοῦτο
768 915 804 978 δέ
832 916 997 997 ἀναγκαῖόν
1027 915 1092 981 ἐστι
1120 917 1154 979 τὸ
1182 913 1259 978 εἶναι
1287 914 1381 977 πολλὰ

220 1039 237 1089 5
255 1017 317 1081 τῶν
340 1016 498 1103 διαθηκῶν
510 1017 652 1080 ίσότυπα.
677 1016 752 1081 ἐσθ’
775 1019 830 1081 δτε
850 1019 912 1100 γάρ
936 1040 980 1094 τις
991 1017 1114 1102 μέλλων
1134 1018 1280 1080 ἀποπλεῖν
1303 1015 1381 1102 ἔχειν

252 1117 332 1202 μεθ’
355 1117 450 1183 αὐτοῦ
470 1119 620 1201 βούλεται
643 1120 696 1206 τήν
718 1119 871 1206 διαθήκην
894 1123 943 1184 καί
965 1120 1077 1204 ἑτέραν
1099 1119 1175 1184 οἴκοι
1198 1120 1379 1196 καταλιπεῖν,

256 1220 293 1294 ἐξ
313 1222 352 1308 ής
372 1221 524 1285 δείκνυται
555 1223 574 1306 ή
603 1225 659 1285 τοῦ
690 1223 930 1308 τελευτήσαντος
958 1222 1088 1286 διάνοια.
1137 1221 1188 1286 καί
1217 1221 1258 1285 δι’
1287 1220 1382 1296 ἄλλας

257 1325 421 1407 συμβαίνει
443 1324 557 1399 πολλὰς
579 1323 676 1398 αἰτίας
697 1325 936 1406 ἀναγκαιότατον
964 1323 1041 1388 εἶναι
1070 1328 1176 1400 τοῦτο,
1206 1323 1319 1398 αἵτινες
1346 1322 1385 1396 ἐξ

256 1425 463 1508 ἀνθρωπίνων
486 1424 692 1508 συμβαίνουσι
714 1427 943 1508 περιστάσεων,
966 1424 986 1511 ή
1008 1427 1069 1511 γὰρ
1085 1425 1228 1506 ἐσθότε4)
1253 1423 1381 1508 συρβαί·

207 1546 240 1596 10
258 1553 302 1593 νει
325 1531 474 1616 κλαπήναι
495 1530 530 1592 τό
553 1527 586 1590 ἓν
610 1528 755 1592 ίσότυπον
777 1528 797 1616 ή
819 1530 866 1592 καί
895 1531 945 1591 τὸν
976 1528 1114 1610 λαβόντα
1142 1528 1175 1592 ἐν
1203 1548 1381 1612 παρακατα-

257 1631 339 1718 θήκη
363 1628 491 1694 ὁδεῦσαι
513 1632 562 1693 καί
584 1631 700 1716 ἄδηλον
724 1631 800 1694 εἶναι
822 1635 874 1694 τὸν
896 1632 1001 1710 τόπον,
1024 1630 1058 1694 ἐν
1081 1629 1109 1717 ᾧ
1130 1630 1295 1713 διατρίβει.
1331 1629 1434 1690 14.14.

263 1732 361 1797 Ταῦτα
384 1732 420 1796 δέ
443 1736 542 1795 πάντα
565 1736 721 1817 περὶτῶν
744 1733 914 1818 ἐγγράφων
946 1733 1040 1815 νόειί)
1068 1732 1239 1821 διαθηκῶν.
1290 1731 1318 1793 εί
1345 1727 1381 1792 δέ

259 1857 304 1911 τις
334 1834 480 1919 ἄγραφον
512 1835 659 1916 βούλεται
694 1841 817 1922 ποιήσαι
854 1834 1005 1923 διαθήκην
1039 1836 1203 1922 (πολιτικήν
1232 1833 1381 1919 δηλονότι,

258 1935 403 2022 ἄγραφον
425 1936 486 2019 γὰρ
510 1937 527 1998 ό
549 1937 689 2020 ρκαὸίωκ
712 1938 767 2001 οὐκ
789 1938 945 2000 ἐπίσταται
966 1937 1130 2025 διαθήκην,
1154 1937 1229 2020 ῶςθ)
1253 1939 1382 2020 σφραγί-

210 2054 241 2104 15
260 2037 320 2115 δας
348 2039 486 2104 ἀπαιτῶν
520 2041 597 2119 ἀεί),
631 2039 658 2101 εί
690 2037 793 2101 τοίνυν
821 2037 984 2121 παρόντων
1017 2037 1095 2101 ἑπτὰ
1124 2037 1296 2124 μαρτύρων
1329 2038 1382 2122 τήν

259 2140 371 2204 αἰκείαν
393 2144 520 2228 γνώμην
542 2139 595 2204 ἐπ’
618 2140 720 2204 αὐτῶν
743 2141 932 2226 φανερώση,
956 2141 1057 2204 τελεία
1078 2142 1127 2203 καί
1148 2139 1259 2228 ἰσχυρὰ
1281 2142 1301 2225 ή
1325 2161 1384 2201 τοι·

260 2243 338 2329 αότη
361 2245 494 2307 κατὰτὸ
518 2245 665 2307 πολιτικὸν
689 2243 772 2308 ἔσται
795 2243 938 2330 διαθήκη.

720 2533 924 2546 *—

471 2853 519 2918 De
540 2853 671 2918 militari
692 2858 894 2920 testamento.
902 2853 928 2936 ²)
975 2852 1100 2920 Titulus
1124 2857 1173 2919 11.

346 3005 395 3070 Ἔν
418 3011 481 3081 τοῖς
504 3005 712 3091 προλαβοῦσιν
734 3008 900 3094 εἰρήκαμεν
924 3007 991 3070 τίνα
1013 3007 1129 3091 τρόπον
1150 3009 1203 3073 δεῖ
1214 3006 1386 3074 τυποῦσθαι

264 3110 316 3194 τήν
343 3108 504 3196 διαθήκην.
555 3110 625 3172 ἀλλ’
656 3109 755 3195 ἐκείνη
782 3109 841 3190 μὲν
869 3112 889 3196 ή
920 3109 1033 3197 πολλής
1061 3110 1225 3195 ἀκριβείας
1253 3109 1385 3198 ἐχομένη

211 3237 246 3288 20
263 3212 471 3298 παραφυλακή
494 3212 527 3275 ἐν
549 3216 618 3288 ταῖς
640 3215 819 3292 παγανικαῖς
837 3214 950 3300 χώραν
974 3211 1037 3300 ἔχει
1064 3213 1243 3301 διαθήκαις,
1273 3213 1322 3276 ἐπὶ
1350 3213 1386 3275 δέ

263 3313 325 3377 τῶν
355 3319 582 3399 στρατιωτικῶν
605 3314 764 3402 διαθηκῶν
787 3316 869 3392 ἅπας
897 3317 914 3378 ό
945 3319 1082 3388 τοιοῦτος
1111 3316 1255 3404 σχολάζει
1286 3315 1386 3396 λόγος.

264 3419 499 3504 συγκεχώρηται
520 3418 580 3500 γὰρ
603 3417 707 3493 αὐτοῖς
729 3417 764 3480 ἐκ
784 3422 848 3480 τῶν
871 3416 1047 3490 διατάξεων
1070 3417 1122 3480 διὰ
1143 3419 1198 3504 τήν
1227 3418 1261 3481 ἐν
1283 3418 1389 3501 νόμοις

265 3519 405 3602 ἀπειρίαν
428 3518 463 3582 τὸ
477 3520 555 3605 μήθ)
577 3520 655 3583 κατὰ
677 3520 837 3603 ἀκρίβειαν
860 3519 1065 3584 διατίθεσθαι
1091 3520 1199 3604 ἀμέλει
1220 3543 1268 3583 τοι
1291 3520 1318 3583 εί
1340 3521 1388 3582 καί

264 3621 333 3696 ἑνός
355 3622 509 3705 παρόντος
528 3625 692 3706 μάρτυρος
713 3621 891 3699 διαθῶνται,
915 3621 966 3709 ήί)
990 3626 1040 3686 καί
1055 3623 1100 3708 μή
1114 3625 1276 3707 γράψωσιν
1291 3620 1389 3707 οἰκείᾳ

333 3862 357 3928 1)
375 3859 486 3931 πτύχοις
503 3859 540 3914 Μ.
665 3858 689 3926 ²)
707 3859 731 3912 d.
750 3859 792 3913 vi.
811 3859 844 3914 R.
981 3861 1005 3927 ³)
1025 3878 1096 3920 -ως
1112 3859 1155 3914 vi.
1174 3859 1206 3913 R.
1227 3857 1284 3912 οοά
1303 3855 1389 3911 Salm:

265 3945 299 3998 cf.
318 3945 366 3998 ΙΝ.
387 3962 413 4014 p.
431 3949 512 3999 244n.
658 3946 682 4011 ⁴)
699 3945 766 3997 ἐσθ’
782 3945 830 3996 ὅτε
846 3946 903 4016 γὰρ
921 3944 962 3999 Vi.
980 3945 1014 3999 R.
1159 3947 1184 4008 ὅ)
1203 3945 1248 3996 δεῖ
1264 3943 1391 3995 νοείσδαι

266 4031 308 4084 vi.
326 4030 358 4084 R.
513 4031 538 4098 6)
556 4029 611 4084 Ma
630 4030 646 4081 ό
663 4029 714 4082 L1.
733 4029 784 4084 112.
803 4030 848 4085 R:
868 4034 925 4091 πῶς
940 4031 996 4099 γὰρ
1014 4032 1030 4083 ό
1048 4032 1090 4086 vi.
1108 4029 1139 4085 R
1285 4030 1309 4095 ⁷)
1326 4029 1391 4097 περὶ

266 4121 464 4185 στρατιωτικῆς
482 4115 613 4186 διαθήκης
630 4115 690 4170 add.
708 4115 778 4171 libri.
856 4117 880 4181 ⁸)
897 4116 922 4170 d.
940 4116 978 4171 M.
996 4116 1047 4170 L1.
1066 4115 1131 4170 L².:
1149 4115 1183 4168 τδ
1201 4115 1278 4184 παρὰ
1294 4113 1337 4170 vi.
1356 4111 1389 4168 R.

263 4201 292 4268 ⁹)
310 4201 335 4252 ελ
351 4201 403 4256 M.:
422 4201 591 4254 διατίθενται
608 4204 625 4270 ἢ
644 4200 685 4255 vi.
705 4199 736 4255 R
