3022 4884
565 407 800 474 -185-

121 594 196 677 capi
217 611 279 660 uon
301 612 409 676 passm
432 593 590 662 interdum
613 599 717 662 umen
739 592 980 675 usucapiuntur,
1002 591 1102 660 ueluti
1124 591 1152 660 si
1166 609 1249 676 quas

121 715 155 778 in
189 713 305 780 domini
332 714 559 797 pussessionem
587 731 736 780 semmae
762 711 895 794 tuerint,
929 717 1006 779 tunc
1033 711 1115 778 anim
1141 709 1247 778 inhae-

119 839 215 898 rente
236 832 313 898 uitio
335 839 510 915 purgantur
532 838 565 897 et
585 831 617 898 in
640 831 840 914 usucapionis
863 847 991 900 cansam
1014 830 1165 898 recidunt
1210 837 1247 896 ut

120 969 199 1018 ecce
219 951 405 1033 subripuisti
426 971 553 1021 seruum
575 951 660 1032 tttti,
685 951 736 1020 uel
758 972 829 1020 cum
851 969 909 1018 suo
931 951 1026 1019 fundo
1046 953 1079 1019 ui
1094 950 1246 1031 deiecisti,
1356 947 1361 958 ’

120 1069 263 1153 mihique
286 1068 415 1136 fundum
438 1071 626 1168 uendidisti3
648 1069 798 1154 usucapio
819 1069 998 1154 impeditur.
1031 1071 1155 1138 iuterim
1177 1089 1249 1155 pos-
1281 1069 1298 1121 ὅ

121 1187 223 1256 sessio
245 1207 265 1254 a
286 1208 336 1256 me
358 1189 399 1255 ad
421 1189 536 1256 Titium
559 1190 718 1256 dominum
740 1188 895 1256 translata
918 1196 983 1257 est:
1005 1191 1111 1256 statim
1135 1189 1249 1256 desiuit

119 1327 176 1374 res
191 1308 308 1376 turtius
328 1315 385 1374 aut
397 1308 432 1375 ui
445 1327 592 1392 possessa
606 1328 685 1392 esre,
708 1317 741 1376 st
755 1307 825 1376 ideo
841 1309 869 1376 si
883 1314 994 1392 postca
1008 1309 1084 1376 haec
1098 1309 1131 1375 in
1147 1326 1247 1374 meam

120 1430 353 1513 possessionem
375 1447 504 1496 reuersa
532 1430 662 1510 fuerim,
693 1428 802 1511 procul
824 1428 1043 1513 impedimento
1065 1429 1249 1509 usucapien-

80 1554 108 1606 9·
124 1557 191 1615 tur.
234 1549 264 1614 9.
298 1549 384 1616 Haec
412 1555 486 1614 anta
513 1549 618 1615 omnia
644 1554 810 1632 perspecta
835 1548 969 1616 habeas:
997 1546 1124 1632 siquis
1153 1551 1250 1613 testa·

120 1675 230 1736 mento
252 1667 335 1734 facto
349 1674 491 1735 mortuus
508 1670 558 1747 sit,
581 1669 717 1749 scriptus
736 1668 828 1735 heres
851 1668 880 1734 ei
902 1667 1059 1751 succedit;
1081 1667 1249 1734 sinautem
1269 1669 1301 1723 10

121 1789 294 1854 intestatus
315 1788 496 1868 decesserit,
518 1786 648 1854 uenient
669 1788 709 1853 ad
732 1788 871 1853 eiusdem
894 1787 1113 1866 hereditatem,
1144 1787 1172 1851 si
1198 1805 1251 1854 ex·

122 1911 203 1986 tant,
224 1907 317 1974 liberi
339 1907 423 1988 cius;
444 1907 557 1988 bisque
578 1925 640 1974 non
663 1908 852 1986 extantibus,
874 1906 1002 1990 adgnati
1017 1906 1149 1974 heredes
1162 1904 1248 1974 ficut

122 2027 272 2110 adgnatis
293 2045 355 2093 non
377 2026 572 2105 extantibus,
595 2027 720 2107 cognati
748 2030 902 2092 necantur
928 2031 961 2092 ct
988 2022 1069 2091 fiunt
1097 2025 1249 2092 bonorum

122 2162 331 2229 possessores.
388 2145 542 2213 eiusmodi
578 2148 684 2212 aumm
718 2146 860 2228 personis
897 2162 959 2210 nou
988 2143 1169 2210 extantibus
1199 2143 1249 2210 uel

123 2265 219 2332 adire
236 2263 426 2345 nolentibus,
448 2265 595 2332 uacantia
618 2266 698 2332 bona
718 2264 800 2332 fiunt
827 2271 860 2331 et
880 2264 921 2330 ad
943 2262 1051 2329 fiscum
1073 2267 1247 2329 transeunt.
1269 2275 1300 2328 rc

125 2390 158 2450 st
179 2385 235 2468 qui
257 2385 410 2451 achonem
438 2387 662 2468 cuiuscumque
690 2388 829 2470 generis,
851 2387 884 2452 iu
910 2403 975 2454 rem
1005 2384 1057 2451 uel
1084 2385 1117 2450 in
1146 2403 1250 2468 perse

126 2521 196 2570 nam
220 2503 273 2570 uel
293 2503 550 2586 hypothecariam
565 2525 635 2574 cum
652 2505 798 2573 defuncto
813 2505 968 2584 babuerit,
991 2523 1060 2571 eam
1074 2504 1160 2570 intra
1174 2522 1250 2587 qua-

126 2622 304 2689 driennium
326 2630 436 2690 contra
457 2623 567 2694 fiscum
589 2625 778 2710 experietur.
820 2643 891 2692 cum
912 2625 990 2690 haec
1010 2629 1175 2707 perspecta
1195 2624 1249 2691 hu

125 2741 210 2822 beas,
233 2742 307 2810 uide
328 2743 500 2823 quidinde
522 2749 681 2824 sequatur.
714 2743 850 2810 diximus
871 2743 1018 2826 superius
1039 2760 1091 2810 res
1112 2741 1250 2810 turtiuas

126 2866 158 2926 et
192 2861 228 2926 ui
264 2879 426 2943 possessas
460 2863 592 2944 usucapi
634 2879 697 2929 non
731 2879 847 2944 posse:
889 2858 1032 2928 inuenire
1068 2865 1118 2928 cst
1154 2861 1248 2928 aliam
1265 2862 1301 2914 ²⁰

126 2996 250 3060 quoquc
286 2997 354 3044 rem
389 2997 471 3062 quae
507 2981 637 3062 usucapi
673 2986 828 3061 nequeat:
865 2984 901 3044 ut
937 2997 1007 3046 ecce
1042 2999 1094 3047 res
1131 2979 1248 3048 fiscalis

127 3116 187 3164 non
219 3103 327 3182 potest
357 3098 498 3182 usucapi.
553 3098 745 3183 Papinianus
778 3116 855 3164 uero
892 3095 959 3177 ait,
1002 3097 1031 3164 si
1063 3099 1132 3180 quis
1170 3099 1249 3165 inte·

128 3221 229 3283 statua
270 3218 439 3284 decesserit
475 3224 507 3282 et
541 3217 624 3285 bona
656 3216 723 3284 eius
756 3216 902 3283 natantia
935 3213 1020 3284 facta
1055 3216 1138 3298 siut,
1176 3216 1248 3282 sub

129 3336 244 3402 stantia
272 3333 347 3404 fisco
380 3337 517 3405 nondum
543 3336 705 3416 nuntiata,
734 3336 859 3420 siquis
887 3353 938 3405 res
966 3335 1119 3426 quasdam
1146 3355 1184 3402 cx
1210 3354 1249 3402 ca

130 3456 202 3522 mihi
235 3457 319 3524 bona
347 3453 409 3522 fide
435 3453 568 3548 empturi
595 3456 773 3523 candidarit
799 3473 835 3522 ac
863 3454 1046 3537 tradiderit,
1078 3429 1248 3547 procedere
1265 3472 1298 3524 as

131 3575 366 3660 usucapionem
389 3575 528 3642 nendum
549 3575 631 3642 anim
652 3572 774 3642 fiscalia
793 3575 874 3642 bona
895 3573 979 3642 iacta
992 3576 1067 3642 sunt
1081 3591 1151 3640 cum
1172 3592 1247 3642 non·
