3078 4882
621 345 854 410 -183-

177 531 309 612 scripsi,
331 533 391 598 hcc
418 534 525 600 modo:
558 532 630 600 ille
661 532 774 599 heres
807 539 901 599 esto
933 534 968 598 si
996 533 1036 598 in
1063 533 1304 617 Capitulium

176 651 451 730 adscenderit,
473 659 543 718 eut
564 653 599 719 si
622 652 726 719 Titio
748 671 891 720 eureos
914 651 938 718 0
962 652 1127 731 dederit,
1148 653 1304 733 alterutri,

126 781 166 830 12.
177 770 227 835 uti
247 769 385 849 libuerit,
408 771 547 853 parendo
570 774 662 839 heres
683 771 747 838 fiet.
783 773 834 837 12.
862 772 989 840 Utiliter
1011 773 1083 854 quis
1105 790 1159 839 eos
1180 791 1305 856 quoque

175 889 311 956 heredes
333 890 443 956 scribit
464 907 543 970 quos
565 908 725 974 nunquem
748 890 872 957 uiderit.
916 896 953 957 nt
975 909 1047 958 ecce
1073 891 1145 972 quis
1174 891 1305 960 fratrem

178 1010 291 1075 hebuit
312 1027 444 1091 peregre
466 1010 641 1091 degentem,
665 1010 719 1090 qni
742 1006 859 1077 lib'eros
878 1010 1031 1090 suscepit:
1061 1016 1167 1093 potest
1195 1011 1304 1078 fratris
1340 1015 1356 1062 ὅ

177 1129 294 1197 liberes
316 1147 395 1211 quos
417 1147 577 1213 nunquam
596 1129 714 1196 uiderit
729 1135 815 1196 recte
830 1129 962 1196 heredes
976 1129 1152 1196 instituere
1175 1137 1306 1198 testetu-

178 1249 223 1314 ris
245 1249 327 1314 enim
350 1248 435 1316 circe
456 1249 603 1315 heredem
624 1249 803 1330 ignorantis
821 1249 1052 1316 institutionem
1073 1265 1135 1314 nen
1157 1248 1304 1316 infirmet.

398 1859 445 1926 De
468 1860 592 1943 suberi
614 1861 848 1926 substitutione.
892 1859 1016 1926 Tiunns
1041 1862 1090 1925 15.

268 2044 354 2110 Nihil
377 2046 482 2111 obstet
504 2046 670 2128 quominus
699 2051 834 2112 testetur
862 2053 894 2112 et
924 2046 1071 2113 heredem
1100 2047 1248 2115 instituet
1276 2056 1309 2114 et

182 2164 340 2246 quendem
370 2166 543 2231 substituet
569 2173 606 2240 et
623 2165 656 2230 in
679 2182 801 2232 summu
821 2166 929 2248 plnres
950 2164 1048 2232 faciet
1069 2166 1220 2232 heredum
1241 2183 1309 2248 gru·

182 2285 252 2351 dns.
298 2285 417 2366 gradus
445 2291 550 2350 sutem
583 2284 731 2352 heredem
761 2285 875 2351 dicitur
904 2287 959 2365 qui
986 2281 1048 2349 XII
1076 2285 1185 2351 uncies
1214 2285 1246 2349 in
1275 2303 1310 2351 se
1331 2304 1361 2354 10

183 2403 333 2470 continet.
371 2404 445 2470 licet
466 2405 548 2469 enim
571 2403 662 2470 nobis
684 2403 730 2470 ite
751 2403 878 2470 testari:
902 2402 1054 2468 Primus
1075 2405 1193 2470 heres
1216 2410 1308 2481 esto,

183 2524 263 2589 nisi
279 2522 663 2600 Primnsheresiiet,
679 2520 885 2589 Secundus
901 2529 993 2598 esto,
1009 2519 1310 2589 nisiSecundus

184 2645 296 2727 heres
318 2642 401 2720 iiet,
423 2643 581 2709 Tertius
601 2649 693 2720 esto,
717 2642 797 2708 nisi
816 2642 991 2718 Tertius,
1014 2649 1103 2708 este
1126 2642 1309 2722 Quartus.

184 2770 281 2844 etque
306 2763 339 2829 in
366 2761 522 2857 infinitum
548 2763 741 2830 substituere
762 2780 929 2846 possumus
956 2769 988 2829 et
1010 2764 1042 2828 in
1064 2769 1222 2845 pestremo
1244 2762 1311 2828 loro

185 2901 242 2948 seu
265 2882 366 2964 gradu
389 2887 547 2962 tanquan
574 2884 605 2948 in
636 2882 779 2948 ultimum
807 2882 982 2949 subsidium
1011 2901 1138 2948 seruum
1168 2888 1362 2948 nostrumne

186 3019 352 3084 pessumus
374 3001 551 3100 instituere,
574 3003 619 3067 itu
641 3009 677 3068 ut
699 3002 727 3066 si
756 3019 863 3068 omnes
892 3009 1055 3079 recusent,
1086 3020 1199 3068 seruus
1226 3009 1312 3074 certe

147 3129 168 3177 1·
188 3123 367 3188 necessario
381 3123 473 3189 heres
487 3122 553 3188 dat.
579 3125 606 3185 1.
625 3121 795 3189 Possumus
812 3125 843 3188 in
858 3123 952 3187 nnius
967 3121 1070 3188 locum
1085 3138 1181 3186 unum
1197 3120 1312 3186 substi-

188 3248 288 3316 tuere,
311 3243 363 3309 uel
379 3243 410 3308 in
426 3241 519 3309 nnius
533 3219 649 3323 plures,
666 3242 717 3307 uel
736 3243 765 3306 in
782 3241 919 3323 plurium
941 3258 1048 3317 unum,
1072 3244 1122 3304 set
1143 3246 1176 3304 et
1190 3237 1220 3302 in
1244 3239 1311 3319 plu-
