3038 4884
586 399 796 464 ...51-

133 603 214 651 mum
237 584 402 668 adrogatio
424 587 509 668 apud
530 585 702 667 principem
723 583 776 663 fit,
804 583 933 666 adoptio
955 589 1061 652 autem
1084 583 1169 665 apud
1192 601 1256 648 ma·

132 702 293 786 gisuatus.
339 705 477 771 mounda
499 703 675 770 differentia
697 705 729 769 in
752 721 789 769 eo
811 703 965 782 consistit,
987 704 1071 787 quod
1092 702 1256 784 adrogatio
1343 719 1348 730 ·

131 821 162 886 in
183 823 429 904 patrefamilias,
456 823 584 903 adoptio
613 841 690 890 nero
718 824 750 888 in
776 821 984 888 filiisfamilias
1012 823 1114 890 locum
1149 821 1256 889 habet.

132 945 307 1007 astantem
330 940 426 1006 tertia
448 940 633 1007 differentia.
678 942 820 1024 impubes
842 939 1070 1024 paterfamilias
1092 941 1166 1008 olim
1189 942 1257 1023 qui·

132 1057 198 1122 dem
220 1059 369 1140 adoptari
392 1076 453 1124 non
475 1064 615 1141 poterat,
642 1060 676 1125 id
703 1066 809 1126 autem
838 1060 963 1126 demum
985 1059 1052 1126 fieri
1075 1077 1255 1126 concessum
1290 1065 1308 1116 5

133 1183 274 1243 osteum
296 1178 432 1258 quadam
456 1177 669 1244 obseruantia.
707 1197 779 1246 cum
801 1179 899 1260 igitur
920 1199 977 1261 per
997 1179 1170 1261 principale
1193 1196 1257 1244 res-

132 1295 266 1378 criptum
288 1296 432 1379 impubes
454 1298 678 1380 paterfamilias
699 1299 886 1380 adoptetur,
915 1298 1025 1379 quaeri
1046 1303 1185 1379 oportet,
1216 1313 1257 1363 au

132 1415 265 1482 honesta
287 1417 443 1497 quaedam
465 1434 561 1481 causa
583 1417 783 1499 adoptionem
812 1417 1024 1490 constituerit,
1052 1436 1091 1483 ne
1113 1415 1195 1482 forte
1216 1416 1257 1481 ob

131 1540 254 1614 turpem
278 1550 416 1599 amorem
439 1532 566 1600 futurus
587 1541 680 1617 pater
700 1535 870 1618 adoptiuus
891 1534 960 1600 fieri
981 1535 1180 1617 adoptionem
1204 1553 1257 1601 ue·

131 1648 181 1726 lit,
203 1655 303 1732 atque
330 1656 438 1716 utrum
467 1654 613 1735 expediat
639 1654 758 1736 pupillo
787 1672 895 1720 necne.
944 1652 1026 1719 forta
1053 1658 1135 1720 euim
1165 1655 1256 1735 inops
1276 1664 1308 1716 10

131 1776 177 1834 est
205 1771 394 1851 adrogatur,
423 1770 491 1853 ipse
519 1778 624 1838 autem
651 1772 808 1856 iocuples3
841 1773 893 1839 uel
927 1773 1022 1838 etiam
1054 1779 1257 1856 sumptuosus

132 1889 344 1971 (adrogator):
367 1891 399 1955 id
427 1891 455 1955 si
484 1891 616 1972 liqueat,
645 1893 810 1974 adrogatio
840 1912 901 1958 non
930 1894 1087 1973 procedet.
1132 1899 1256 1976 oportet

130 2013 233 2073 autem
259 2015 423 2089 praeterea
444 2028 557 2075 canera
579 2012 799 2094 adrogatorem
826 2010 970 2090 publicae
1000 2029 1168 2092 personae,
1198 2011 1257 2078 hoc

131 2131 177 2190 cst
197 2127 372 2204 tabulario,
396 2128 422 2192 si
443 2128 527 2194 intra
550 2129 747 2210 pubertatem
770 2129 942 2210 adrogatur
965 2130 1144 2208 decesserit,
1167 2133 1257 2196 resti·

131 2249 274 2310 cucurum
298 2263 332 2311 se
354 2246 534 2324 bonafilia,
563 2249 618 2329 qui
648 2247 688 2312 ad
711 2249 779 2314 eius
801 2247 1030 2315 successionem
1054 2255 1308 2315 essentum-115

131 2364 206 2441 turi,
240 2363 364 2430 nisiae
393 2363 608 2446 arrogandum
638 2366 770 2433 dederit.
823 2384 924 2447 neque
953 2365 1031 2431 alias
1060 2366 1257 2448 emancipare
1294 2385 1297 2390 ·

132 2482 285 2549 eiusmodi
312 2483 465 2565 pupillum
493 2486 665 2567 adrogatur
692 2492 812 2568 potest,
842 2506 936 2570 quam
966 2487 1051 2552 iusta
1079 2503 1176 2552 causa
1204 2483 1258 2552 ad·

130 2603 274 2682 probata.
324 2604 398 2683 quid
427 2605 508 2669 enim
538 2605 565 2668 si
586 2605 670 2687 patri
691 2622 749 2670 suo
771 2604 922 2688 adoptiuo
944 2603 1074 2669 insidias
1101 2603 1142 2668 sit
1171 2602 1258 2670 moli·

132 2727 189 2796 tus,
213 2725 273 2785 aut
294 2721 379 2784 aliud
403 2722 478 2802 quid
500 2723 617 2802 egerit,
640 2723 724 2802 quod
753 2741 824 2788 eum
847 2723 975 2803 dignum
997 2722 1180 2800 ostenderit,
1203 2722 1257 2805 qui

132 2857 149 2902 e
182 2839 284 2920 patris
312 2840 451 2920 adoptiui
488 2830 609 2904 familia
637 2839 793 2908 eiciatur?
822 2840 868 2906 sic
903 2847 1008 2907 tamen
1046 2848 1083 2906 ut
1119 2841 1200 2906 bona
1228 2841 1256 2906 ei
1274 2847 1309 2899 20

132 2957 313 3034 reddantur,
336 2974 418 3037 quac
439 2958 588 3040 adoptiuo
610 2959 693 3041 patri
720 2959 787 3039 ipse
814 2959 995 3043 quaesierit.
1045 2959 1072 3025 si
1101 2977 1178 3024 uero
1206 2958 1258 3022 de-

29 3094 33 3104 ·
132 3078 245 3142 cedens
278 3076 448 3158 adoptiuus
480 3082 571 3160 pater
605 3095 676 3144 eum
710 3078 951 3144 exheredauerit
987 3080 1039 3145 uel
1067 3079 1160 3144 uiuus
1190 3078 1257 3142 sine

133 3195 215 3260 iusta
238 3211 334 3260 causa
355 3195 610 3276 emancipauerit,
634 3197 762 3262 iubetur
784 3202 929 3277 quartam
955 3203 1078 3277 partem
1104 3195 1257 3261 bonorum

134 3331 263 3380 suorum
285 3314 314 3380 ei
337 3312 523 3394 relinquere,
546 3314 696 3381 uidelicet
717 3323 844 3395 praeter
866 3316 947 3381 bona
969 3332 1050 3399 quae
1072 3315 1113 3380 ad
1135 3320 1257 3395 patrem

133 3433 314 3516 adoptiuum
338 3438 412 3497 sunt
433 3432 588 3498 translata
610 3438 642 3498 et
663 3451 796 3514 quorum
816 3431 1011 3500 commodum
1029 3434 1058 3498 ci
1073 3437 1146 3514 post
1160 3431 1257 3515 adop
1274 3455 1308 3506 25
