<?xml version="1.0" encoding="UTF-8"?>
<!DOCTYPE html PUBLIC "-//W3C//DTD XHTML 1.0 Transitional//EN"
    "http://www.w3.org/TR/xhtml1/DTD/xhtml1-transitional.dtd">
<html xmlns="http://www.w3.org/1999/xhtml" xml:lang="en" lang="en">
 <head>
  <title>
</title>
<meta http-equiv="Content-Type" content="text/html;charset=utf-8" />
  <meta name='ocr-system' content='tesseract 3.04.00' />
  <meta name='ocr-capabilities' content='ocr_page ocr_carea ocr_par ocr_line ocrx_word'/>
</head>
<body>
  <div class='ocr_page' id='page_1' title='image "./institutionumgr00linggoog_0113.png"; bbox 0 0 3038 4884; ppageno 0'>
   <div class='ocr_carea' id='block_1_1' title="bbox 581 378 790 442">
    <p class='ocr_par' dir='ltr' id='par_1_1' title="bbox 581 378 790 442">
     <span class='ocr_line' id='line_1_1' title="bbox 581 378 790 442; baseline 0 -16"><span class='ocrx_word' id='word_1_1' title='bbox 581 378 790 442; x_wconf 79' lang='lat'>...40-</span> 
     </span>
    </p>
   </div>
   <div class='ocr_carea' id='block_1_2' title="bbox 88 564 1291 4120">
    <p class='ocr_par' dir='ltr' id='par_1_2' title="bbox 120 564 1291 1962">
     <span class='ocr_line' id='line_1_2' title="bbox 126 564 1241 650; baseline 0.004 -21"><span class='ocrx_word' id='word_1_2' title='bbox 126 582 306 630; x_wconf 86' lang='lat' dir='ltr'><strong>consensum</strong></span> <span class='ocrx_word' id='word_1_3' title='bbox 329 564 398 631; x_wconf 84' lang='lat' dir='ltr'><strong>fieri</strong></span> <span class='ocrx_word' id='word_1_4' title='bbox 420 566 507 632; x_wconf 82' lang='lat' dir='ltr'><strong>furor</strong></span> <span class='ocrx_word' id='word_1_5' title='bbox 528 585 590 632; x_wconf 90' lang='lat' dir='ltr'><strong>non</strong></span> <span class='ocrx_word' id='word_1_6' title='bbox 614 568 741 650; x_wconf 81' lang='lat' dir='ltr'><strong>patitur.</strong></span> <span class='ocrx_word' id='word_1_7' title='bbox 766 567 813 632; x_wconf 90' lang='lat' dir='ltr'><strong>sin</strong></span> <span class='ocrx_word' id='word_1_8' title='bbox 836 574 942 634; x_wconf 88' lang='lat' dir='ltr'><strong>autem</strong></span> <span class='ocrx_word' id='word_1_9' title='bbox 965 583 1149 634; x_wconf 86' lang='lat' dir='ltr'><strong>eonsensum</strong></span> <span class='ocrx_word' id='word_1_10' title='bbox 1173 585 1241 634; x_wconf 87' lang='lat' dir='ltr'><strong>esse</strong></span> 
     </span>
     <span class='ocr_line' id='line_1_3' title="bbox 125 684 1240 768; baseline 0.005 -22"><span class='ocrx_word' id='word_1_11' title='bbox 125 684 263 756; x_wconf 83' lang='lat' dir='ltr'><strong>dicimus,</strong></span> <span class='ocrx_word' id='word_1_12' title='bbox 287 704 357 750; x_wconf 92' lang='lat' dir='ltr'><strong>cum</strong></span> <span class='ocrx_word' id='word_1_13' title='bbox 381 693 471 766; x_wconf 89' lang='lat' dir='ltr'><strong>pater</strong></span> <span class='ocrx_word' id='word_1_14' title='bbox 493 685 595 752; x_wconf 87' lang='lat' dir='ltr'><strong>sciens</strong></span> <span class='ocrx_word' id='word_1_15' title='bbox 618 685 736 768; x_wconf 81' lang='lat' dir='ltr'><strong>nuptIis</strong></span> <span class='ocrx_word' id='word_1_16' title='bbox 759 705 820 753; x_wconf 92' lang='lat' dir='ltr'><strong>nou</strong></span> <span class='ocrx_word' id='word_1_17' title='bbox 843 687 1040 766; x_wconf 88' lang='lat' dir='ltr'><strong>aduersetur,</strong></span> <span class='ocrx_word' id='word_1_18' title='bbox 1063 685 1161 753; x_wconf 90' lang='lat' dir='ltr'><strong>iibere</strong></span> <span class='ocrx_word' id='word_1_19' title='bbox 1177 706 1240 752; x_wconf 91' lang='lat' dir='ltr'><strong>ma·</strong></span> 
     </span>
     <span class='ocr_line' id='line_1_4' title="bbox 123 804 1240 887; baseline 0.005 -20"><span class='ocrx_word' id='word_1_20' title='bbox 123 804 299 868; x_wconf 91' lang='lat' dir='ltr'><strong>trimonium</strong></span> <span class='ocrx_word' id='word_1_21' title='bbox 322 805 491 884; x_wconf 83' lang='lat' dir='ltr'>procedere</span> <span class='ocrx_word' id='word_1_22' title='bbox 520 823 611 887; x_wconf 91' lang='lat' dir='ltr'><strong>posse</strong></span> <span class='ocrx_word' id='word_1_23' title='bbox 641 807 763 872; x_wconf 87' lang='lat' dir='ltr'><strong>cuidam</strong></span> <span class='ocrx_word' id='word_1_24' title='bbox 789 807 870 873; x_wconf 84' lang='lat' dir='ltr'><strong>forte</strong></span> <span class='ocrx_word' id='word_1_25' title='bbox 900 807 1073 885; x_wconf 91' lang='lat' dir='ltr'><strong>uidebitur,</strong></span> <span class='ocrx_word' id='word_1_26' title='bbox 1108 813 1157 873; x_wconf 88' lang='lat' dir='ltr'><strong>set</strong></span> <span class='ocrx_word' id='word_1_27' title='bbox 1178 826 1240 874; x_wconf 92' lang='lat' dir='ltr'><strong>non</strong></span> 
     </span>
     <span class='ocr_line' id='line_1_5' title="bbox 124 923 1240 1010; baseline 0.005 -24"><span class='ocrx_word' id='word_1_28' title='bbox 124 929 168 988; x_wconf 88' lang='lat' dir='ltr'><strong>est</strong></span> <span class='ocrx_word' id='word_1_29' title='bbox 188 923 248 987; x_wconf 93' lang='lat' dir='ltr'><strong>hoc</strong></span> <span class='ocrx_word' id='word_1_30' title='bbox 270 941 390 990; x_wconf 89' lang='lat' dir='ltr'><strong>uerum.</strong></span> <span class='ocrx_word' id='word_1_31' title='bbox 435 923 571 990; x_wconf 75' lang='lat' dir='ltr'><strong>fumosus</strong></span> <span class='ocrx_word' id='word_1_32' title='bbox 594 927 675 991; x_wconf 91' lang='lat' dir='ltr'><strong>euim</strong></span> <span class='ocrx_word' id='word_1_33' title='bbox 706 944 767 992; x_wconf 93' lang='lat' dir='ltr'><strong>non</strong></span> <span class='ocrx_word' id='word_1_34' title='bbox 798 927 870 993; x_wconf 86' lang='lat' dir='ltr'><strong>ideo</strong></span> <span class='ocrx_word' id='word_1_35' title='bbox 898 927 972 1010; x_wconf 88' lang='lat' dir='ltr'><strong>quia</strong></span> <span class='ocrx_word' id='word_1_36' title='bbox 999 929 1084 993; x_wconf 86' lang='lat' dir='ltr'><strong>tacet</strong></span> <span class='ocrx_word' id='word_1_37' title='bbox 1112 945 1240 993; x_wconf 89' lang='lat' dir='ltr'><strong>consen·</strong></span> 
     </span>
     <span class='ocr_line' id='line_1_6' title="bbox 122 1043 1291 1129; baseline 0.007 -23"><span class='ocrx_word' id='word_1_38' title='bbox 122 1043 177 1106; x_wconf 90' lang='lat' dir='ltr'><strong>tire</strong></span> <span class='ocrx_word' id='word_1_39' title='bbox 198 1044 343 1110; x_wconf 89' lang='lat' dir='ltr'><strong>uidetur:</strong></span> <span class='ocrx_word' id='word_1_40' title='bbox 367 1043 419 1109; x_wconf 93' lang='lat' dir='ltr'><strong>ille</strong></span> <span class='ocrx_word' id='word_1_41' title='bbox 441 1046 523 1110; x_wconf 92' lang='lat' dir='ltr'><strong>enim</strong></span> <span class='ocrx_word' id='word_1_42' title='bbox 546 1047 677 1112; x_wconf 86' lang='lat' dir='ltr'><strong>tacendo</strong></span> <span class='ocrx_word' id='word_1_43' title='bbox 701 1046 856 1112; x_wconf 83' lang='lat' dir='ltr'><strong>consentit</strong></span> <span class='ocrx_word' id='word_1_44' title='bbox 885 1047 937 1129; x_wconf 86' lang='lat' dir='ltr'><strong>qui</strong></span> <span class='ocrx_word' id='word_1_45' title='bbox 966 1049 998 1110; x_wconf 94' lang='lat' dir='ltr'><strong>et</strong></span> <span class='ocrx_word' id='word_1_46' title='bbox 1025 1045 1239 1113; x_wconf 77' lang='lat' dir='ltr'><strong>contradicere</strong></span> <span class='ocrx_word' id='word_1_47' title='bbox 1274 1049 1291 1099; x_wconf 74' lang='lat'>5</span> 
     </span>
     <span class='ocr_line' id='line_1_7' title="bbox 122 1163 1239 1248; baseline 0.004 -20"><span class='ocrx_word' id='word_1_48' title='bbox 122 1170 230 1242; x_wconf 88' lang='lat' dir='ltr'><strong>potest,</strong></span> <span class='ocrx_word' id='word_1_49' title='bbox 254 1183 325 1230; x_wconf 90' lang='lat' dir='ltr'><strong>cnm</strong></span> <span class='ocrx_word' id='word_1_50' title='bbox 347 1163 464 1230; x_wconf 90' lang='lat' dir='ltr'><strong>factum</strong></span> <span class='ocrx_word' id='word_1_51' title='bbox 488 1167 584 1244; x_wconf 89' lang='lat' dir='ltr'><strong>norit,</strong></span> <span class='ocrx_word' id='word_1_52' title='bbox 608 1167 667 1231; x_wconf 93' lang='lat' dir='ltr'><strong>nisi</strong></span> <span class='ocrx_word' id='word_1_53' title='bbox 689 1167 721 1231; x_wconf 94' lang='lat' dir='ltr'><strong>id</strong></span> <span class='ocrx_word' id='word_1_54' title='bbox 745 1167 803 1246; x_wconf 89' lang='lat' dir='ltr'><strong>sibi</strong></span> <span class='ocrx_word' id='word_1_55' title='bbox 826 1167 957 1248; x_wconf 86' lang='lat' dir='ltr'><strong>placeat.</strong></span> <span class='ocrx_word' id='word_1_56' title='bbox 1002 1166 1139 1233; x_wconf 84' lang='lat' dir='ltr'><strong>furiosus</strong></span> <span class='ocrx_word' id='word_1_57' title='bbox 1162 1184 1239 1232; x_wconf 91' lang='lat' dir='ltr'><strong>uero</strong></span> 
     </span>
     <span class='ocr_line' id='line_1_8' title="bbox 122 1284 1239 1369; baseline 0.004 -21"><span class='ocrx_word' id='word_1_58' title='bbox 122 1288 201 1348; x_wconf 82' lang='lat' dir='ltr'><strong>tacet</strong></span> <span class='ocrx_word' id='word_1_59' title='bbox 229 1286 339 1350; x_wconf 92' lang='lat' dir='ltr'><strong>morbo</strong></span> <span class='ocrx_word' id='word_1_60' title='bbox 370 1285 472 1351; x_wconf 87' lang='lat' dir='ltr'><strong>uictus</strong></span> <span class='ocrx_word' id='word_1_61' title='bbox 498 1305 559 1352; x_wconf 90' lang='lat' dir='ltr'><strong>non</strong></span> <span class='ocrx_word' id='word_1_62' title='bbox 590 1284 716 1368; x_wconf 86' lang='lat' dir='ltr'><strong>nuptias</strong></span> <span class='ocrx_word' id='word_1_63' title='bbox 746 1288 891 1368; x_wconf 88' lang='lat' dir='ltr'><strong>probans.</strong></span> <span class='ocrx_word' id='word_1_64' title='bbox 940 1305 1010 1352; x_wconf 88' lang='lat' dir='ltr'><strong>cum</strong></span> <span class='ocrx_word' id='word_1_65' title='bbox 1038 1305 1112 1368; x_wconf 88' lang='lat' dir='ltr'><strong>ergo</strong></span> <span class='ocrx_word' id='word_1_66' title='bbox 1133 1285 1239 1369; x_wconf 87' lang='lat' dir='ltr'><strong>plures</strong></span> 
     </span>
     <span class='ocr_line' id='line_1_9' title="bbox 122 1403 1240 1486; baseline 0.004 -21"><span class='ocrx_word' id='word_1_67' title='bbox 122 1403 158 1468; x_wconf 95' lang='lat' dir='ltr'><strong>de</strong></span> <span class='ocrx_word' id='word_1_68' title='bbox 178 1404 238 1469; x_wconf 91' lang='lat' dir='ltr'><strong>boo</strong></span> <span class='ocrx_word' id='word_1_69' title='bbox 261 1405 465 1485; x_wconf 86' lang='lat' dir='ltr'><strong>prudentium</strong></span> <span class='ocrx_word' id='word_1_70' title='bbox 487 1405 603 1471; x_wconf 83' lang='lat' dir='ltr'><strong>IuerInt</strong></span> <span class='ocrx_word' id='word_1_71' title='bbox 625 1406 868 1483; x_wconf 71' lang='lat' dir='ltr'><strong>controuersiae,</strong></span> <span class='ocrx_word' id='word_1_72' title='bbox 891 1405 957 1470; x_wconf 86' lang='lat' dir='ltr'><strong>lata</strong></span> <span class='ocrx_word' id='word_1_73' title='bbox 979 1410 1027 1471; x_wconf 93' lang='lat' dir='ltr'><strong>est</strong></span> <span class='ocrx_word' id='word_1_74' title='bbox 1042 1406 1140 1470; x_wconf 81' lang='lat' dir='ltr'><strong>nostri</strong></span> <span class='ocrx_word' id='word_1_75' title='bbox 1156 1405 1240 1486; x_wconf 89' lang='lat' dir='ltr'><strong>priu-</strong></span> 
     </span>
     <span class='ocr_line' id='line_1_10' title="bbox 122 1520 1240 1606; baseline 0.004 -20"><span class='ocrx_word' id='word_1_76' title='bbox 122 1520 192 1603; x_wconf 83' lang='lat' dir='ltr'><strong>cipis</strong></span> <span class='ocrx_word' id='word_1_77' title='bbox 215 1523 399 1589; x_wconf 88' lang='lat' dir='ltr'><strong>constitutio</strong></span> <span class='ocrx_word' id='word_1_78' title='bbox 422 1525 634 1590; x_wconf 77' lang='lat' dir='ltr'><strong>dubitationes</strong></span> <span class='ocrx_word' id='word_1_79' title='bbox 651 1531 827 1605; x_wconf 81' lang='lat' dir='ltr'><strong>amputans,</strong></span> <span class='ocrx_word' id='word_1_80' title='bbox 850 1543 931 1606; x_wconf 86' lang='lat' dir='ltr'><strong>quae</strong></span> <span class='ocrx_word' id='word_1_81' title='bbox 951 1524 1060 1590; x_wconf 90' lang='lat' dir='ltr'><strong>iuriosi</strong></span> <span class='ocrx_word' id='word_1_82' title='bbox 1082 1523 1146 1589; x_wconf 84' lang='lat' dir='ltr'><strong>filio</strong></span> <span class='ocrx_word' id='word_1_83' title='bbox 1168 1543 1240 1590; x_wconf 91' lang='lat' dir='ltr'><strong>con·</strong></span> 
     </span>
     <span class='ocr_line' id='line_1_11' title="bbox 121 1640 1290 1724; baseline 0.003 -18"><span class='ocrx_word' id='word_1_84' title='bbox 121 1640 211 1706; x_wconf 88' lang='lat' dir='ltr'><strong>cessit</strong></span> <span class='ocrx_word' id='word_1_85' title='bbox 232 1644 350 1707; x_wconf 88' lang='lat' dir='ltr'><strong>iustam</strong></span> <span class='ocrx_word' id='word_1_86' title='bbox 373 1642 432 1708; x_wconf 89' lang='lat' dir='ltr'><strong>sibi</strong></span> <span class='ocrx_word' id='word_1_87' title='bbox 455 1661 582 1707; x_wconf 84' lang='lat' dir='ltr'><strong>uxorem</strong></span> <span class='ocrx_word' id='word_1_88' title='bbox 605 1644 801 1708; x_wconf 90' lang='lat' dir='ltr'><strong>matrimonio</strong></span> <span class='ocrx_word' id='word_1_89' title='bbox 823 1644 958 1721; x_wconf 87' lang='lat' dir='ltr'><strong>sociare,</strong></span> <span class='ocrx_word' id='word_1_90' title='bbox 986 1643 1086 1724; x_wconf 86' lang='lat' dir='ltr'><strong>patris</strong></span> <span class='ocrx_word' id='word_1_91' title='bbox 1110 1661 1237 1711; x_wconf 86' lang='lat' dir='ltr'><strong>cousen—</strong></span> <span class='ocrx_word' id='word_1_92' title='bbox 1259 1660 1290 1710; x_wconf 83' lang='lat' dir='ltr'><strong>to</strong></span> 
     </span>
     <span class='ocr_line' id='line_1_12' title="bbox 120 1761 1237 1846; baseline 0.004 -22"><span class='ocrx_word' id='word_1_93' title='bbox 120 1779 184 1824; x_wconf 89' lang='lat' dir='ltr'><strong>snm</strong></span> <span class='ocrx_word' id='word_1_94' title='bbox 200 1778 264 1826; x_wconf 92' lang='lat' dir='ltr'><strong>non</strong></span> <span class='ocrx_word' id='word_1_95' title='bbox 281 1762 466 1842; x_wconf 85' lang='lat' dir='ltr'><strong>expectanti,</strong></span> <span class='ocrx_word' id='word_1_96' title='bbox 489 1761 582 1827; x_wconf 92' lang='lat' dir='ltr'><strong>sicuti</strong></span> <span class='ocrx_word' id='word_1_97' title='bbox 606 1762 648 1837; x_wconf 71' lang='lat' dir='ltr'><strong>iu,</strong></span> <span class='ocrx_word' id='word_1_98' title='bbox 659 1761 724 1828; x_wconf 84' lang='lat' dir='ltr'><strong>fiba</strong></span> <span class='ocrx_word' id='word_1_99' title='bbox 747 1763 909 1843; x_wconf 88' lang='lat' dir='ltr'><strong>optinebat</strong></span> <span class='ocrx_word' id='word_1_100' title='bbox 931 1763 984 1846; x_wconf 90' lang='lat' dir='ltr'><strong>(de</strong></span> <span class='ocrx_word' id='word_1_101' title='bbox 999 1761 1063 1829; x_wconf 89' lang='lat' dir='ltr'><strong>filia</strong></span> <span class='ocrx_word' id='word_1_102' title='bbox 1078 1764 1160 1828; x_wconf 91' lang='lat' dir='ltr'><strong>enim</strong></span> <span class='ocrx_word' id='word_1_103' title='bbox 1176 1781 1237 1829; x_wconf 92' lang='lat' dir='ltr'><strong>uon</strong></span> 
     </span>
     <span class='ocr_line' id='line_1_13' title="bbox 120 1881 1238 1962; baseline 0.005 -18"><span class='ocrx_word' id='word_1_104' title='bbox 120 1881 359 1962; x_wconf 84' lang='lat' dir='ltr'><strong>ambigebatur),</strong></span> <span class='ocrx_word' id='word_1_105' title='bbox 374 1881 510 1947; x_wconf 88' lang='lat' dir='ltr'><strong>seruatis</strong></span> <span class='ocrx_word' id='word_1_106' title='bbox 525 1889 628 1946; x_wconf 73' lang='lat' dir='ltr'><strong>umen</strong></span> <span class='ocrx_word' id='word_1_107' title='bbox 645 1881 783 1948; x_wconf 87' lang='lat' dir='ltr'><strong>eiusdem</strong></span> <span class='ocrx_word' id='word_1_108' title='bbox 800 1883 1029 1947; x_wconf 84' lang='lat' dir='ltr'><strong>sacratissimae</strong></span> <span class='ocrx_word' id='word_1_109' title='bbox 1044 1883 1238 1950; x_wconf 82' lang='lat' dir='ltr'><strong>constitutio</strong></span> 
     </span>
    </p>

    <p class='ocr_par' dir='ltr' id='par_1_3' title="bbox 88 1998 1289 4120">
     <span class='ocr_line' id='line_1_14' title="bbox 88 1998 1236 2084; baseline 0.004 -21"><span class='ocrx_word' id='word_1_110' title='bbox 88 2003 106 2053; x_wconf 92' lang='lat'><strong>1.</strong></span> <span class='ocrx_word' id='word_1_111' title='bbox 121 2000 305 2082; x_wconf 84' lang='lat' dir='ltr'><strong>praeceptis.</strong></span> <span class='ocrx_word' id='word_1_112' title='bbox 345 2002 373 2063; x_wconf 94' lang='grc'><strong>1.</strong></span> <span class='ocrx_word' id='word_1_113' title='bbox 408 1998 487 2066; x_wconf 83' lang='lat' dir='ltr'><strong>Cum</strong></span> <span class='ocrx_word' id='word_1_114' title='bbox 509 2020 585 2067; x_wconf 91' lang='lat' dir='ltr'><strong>uero</strong></span> <span class='ocrx_word' id='word_1_115' title='bbox 613 2000 783 2067; x_wconf 80' lang='lat' dir='ltr'><strong>dixerimus</strong></span> <span class='ocrx_word' id='word_1_116' title='bbox 804 2002 905 2066; x_wconf 87' lang='lat' dir='ltr'><strong>instas</strong></span> <span class='ocrx_word' id='word_1_117' title='bbox 928 2019 997 2067; x_wconf 86' lang='lat' dir='ltr'><strong>esse</strong></span> <span class='ocrx_word' id='word_1_118' title='bbox 1019 2002 1144 2084; x_wconf 82' lang='lat' dir='ltr'><strong>nuptias</strong></span> <span class='ocrx_word' id='word_1_119' title='bbox 1167 2021 1236 2068; x_wconf 92' lang='lat' dir='ltr'><strong>cum</strong></span> 
     </span>
     <span class='ocr_line' id='line_1_15' title="bbox 121 2117 1237 2188; baseline 0.005 -5"><span class='ocrx_word' id='word_1_120' title='bbox 121 2119 194 2184; x_wconf 88' lang='lat' dir='ltr'><strong>cinis</strong></span> <span class='ocrx_word' id='word_1_121' title='bbox 216 2138 368 2186; x_wconf 87' lang='lat' dir='ltr'><strong>romanus</strong></span> <span class='ocrx_word' id='word_1_122' title='bbox 390 2117 486 2184; x_wconf 87' lang='lat' dir='ltr'>XIIII</span> <span class='ocrx_word' id='word_1_123' title='bbox 507 2122 598 2185; x_wconf 90' lang='lat' dir='ltr'><strong>annis</strong></span> <span class='ocrx_word' id='word_1_124' title='bbox 620 2123 720 2186; x_wconf 87' lang='lat' dir='ltr'><strong>maior</strong></span> <span class='ocrx_word' id='word_1_125' title='bbox 749 2139 908 2188; x_wconf 87' lang='lat' dir='ltr'><strong>romanam</strong></span> <span class='ocrx_word' id='word_1_126' title='bbox 937 2120 1032 2187; x_wconf 88' lang='lat' dir='ltr'><strong>ducat</strong></span> <span class='ocrx_word' id='word_1_127' title='bbox 1057 2120 1121 2186; x_wconf 88' lang='lat' dir='ltr'><strong>XII</strong></span> <span class='ocrx_word' id='word_1_128' title='bbox 1147 2123 1237 2188; x_wconf 89' lang='lat' dir='ltr'><strong>annis</strong></span> 
     </span>
     <span class='ocr_line' id='line_1_16' title="bbox 120 2239 1289 2324; baseline 0.008 -21"><span class='ocrx_word' id='word_1_129' title='bbox 120 2239 276 2321; x_wconf 73' lang='lat' dir='ltr'><strong>umorem,</strong></span> <span class='ocrx_word' id='word_1_130' title='bbox 298 2259 338 2306; x_wconf 89' lang='lat' dir='ltr'><strong>au</strong></span> <span class='ocrx_word' id='word_1_131' title='bbox 361 2243 442 2306; x_wconf 90' lang='lat' dir='ltr'><strong>etsi</strong></span> <span class='ocrx_word' id='word_1_132' title='bbox 465 2241 536 2324; x_wconf 82' lang='lat' dir='ltr'><strong>quIs</strong></span> <span class='ocrx_word' id='word_1_133' title='bbox 558 2247 690 2307; x_wconf 89' lang='lat' dir='ltr'><strong>matrem</strong></span> <span class='ocrx_word' id='word_1_134' title='bbox 716 2241 796 2306; x_wconf 83' lang='lat' dir='ltr'><strong>forte</strong></span> <span class='ocrx_word' id='word_1_135' title='bbox 824 2259 913 2307; x_wconf 89' lang='lat' dir='ltr'><strong>snam</strong></span> <span class='ocrx_word' id='word_1_136' title='bbox 943 2247 998 2306; x_wconf 86' lang='lat' dir='ltr'><strong>ant</strong></span> <span class='ocrx_word' id='word_1_137' title='bbox 1020 2258 1159 2308; x_wconf 89' lang='lat' dir='ltr'><strong>sororem</strong></span> <span class='ocrx_word' id='word_1_138' title='bbox 1181 2249 1237 2308; x_wconf 88' lang='lat' dir='ltr'><strong>aut</strong></span> <span class='ocrx_word' id='word_1_139' title='bbox 1257 2261 1289 2312; x_wconf 81' lang='lat'><strong>15</strong></span> 
     </span>
     <span class='ocr_line' id='line_1_17' title="bbox 119 2357 1237 2443; baseline 0.002 -19"><span class='ocrx_word' id='word_1_140' title='bbox 119 2357 209 2424; x_wconf 87' lang='lat' dir='ltr'><strong>filiam</strong></span> <span class='ocrx_word' id='word_1_141' title='bbox 232 2361 368 2440; x_wconf 87' lang='lat' dir='ltr'><strong>duxerit,</strong></span> <span class='ocrx_word' id='word_1_142' title='bbox 392 2362 507 2426; x_wconf 85' lang='lat' dir='ltr'><strong>iustum</strong></span> <span class='ocrx_word' id='word_1_143' title='bbox 531 2362 593 2426; x_wconf 88' lang='lat' dir='ltr'><strong>erit</strong></span> <span class='ocrx_word' id='word_1_144' title='bbox 615 2361 867 2427; x_wconf 77' lang='lat' dir='ltr'><strong>nutrimentum?</strong></span> <span class='ocrx_word' id='word_1_145' title='bbox 890 2377 1086 2443; x_wconf 88' lang='lat' dir='ltr'><strong>nequaquam</strong></span> <span class='ocrx_word' id='word_1_146' title='bbox 1110 2379 1195 2426; x_wconf 86' lang='lat' dir='ltr'><strong>sane.</strong></span> <span class='ocrx_word' id='word_1_147' title='bbox 1218 2379 1237 2426; x_wconf 90' lang='lat' dir='ltr'><strong>a</strong></span> 
     </span>
     <span class='ocr_line' id='line_1_18' title="bbox 119 2478 1236 2562; baseline 0.001 -18"><span class='ocrx_word' id='word_1_148' title='bbox 119 2482 312 2560; x_wconf 86' lang='lat' dir='ltr'><strong>quorundam</strong></span> <span class='ocrx_word' id='word_1_149' title='bbox 335 2481 415 2546; x_wconf 88' lang='lat' dir='ltr'><strong>euim</strong></span> <span class='ocrx_word' id='word_1_150' title='bbox 438 2481 555 2562; x_wconf 90' lang='lat' dir='ltr'><strong>nuptiis</strong></span> <span class='ocrx_word' id='word_1_151' title='bbox 577 2480 795 2547; x_wconf 87' lang='lat' dir='ltr'><strong>abstinendum</strong></span> <span class='ocrx_word' id='word_1_152' title='bbox 819 2487 877 2546; x_wconf 91' lang='lat' dir='ltr'><strong>est.</strong></span> <span class='ocrx_word' id='word_1_153' title='bbox 922 2488 955 2548; x_wconf 89' lang='lat' dir='ltr'><strong>et</strong></span> <span class='ocrx_word' id='word_1_154' title='bbox 981 2486 1103 2546; x_wconf 92' lang='lat' dir='ltr'><strong>utrem</strong></span> <span class='ocrx_word' id='word_1_155' title='bbox 1126 2478 1236 2546; x_wconf 90' lang='lat' dir='ltr'><strong>melius</strong></span> 
     </span>
     <span class='ocr_line' id='line_1_19' title="bbox 118 2598 1236 2684; baseline 0.007 -25"><span class='ocrx_word' id='word_1_156' title='bbox 118 2598 295 2682; x_wconf 83' lang='lat' dir='ltr'><strong>intellegere</strong></span> <span class='ocrx_word' id='word_1_157' title='bbox 321 2599 440 2682; x_wconf 90' lang='lat' dir='ltr'><strong>possis,</strong></span> <span class='ocrx_word' id='word_1_158' title='bbox 472 2601 550 2668; x_wconf 85' lang='lat' dir='ltr'><strong>haec</strong></span> <span class='ocrx_word' id='word_1_159' title='bbox 578 2601 712 2684; x_wconf 88' lang='lat' dir='ltr'><strong>primum</strong></span> <span class='ocrx_word' id='word_1_160' title='bbox 739 2601 795 2667; x_wconf 90' lang='lat' dir='ltr'><strong>tibi</strong></span> <span class='ocrx_word' id='word_1_161' title='bbox 824 2607 990 2683; x_wconf 86' lang='lat' dir='ltr'><strong>perspecta</strong></span> <span class='ocrx_word' id='word_1_162' title='bbox 1015 2600 1141 2666; x_wconf 88' lang='lat' dir='ltr'><strong>habeas.</strong></span> <span class='ocrx_word' id='word_1_163' title='bbox 1186 2618 1236 2667; x_wconf 91' lang='lat' dir='ltr'><strong>co-</strong></span> 
     </span>
     <span class='ocr_line' id='line_1_20' title="bbox 119 2721 1234 2805; baseline 0.002 -21"><span class='ocrx_word' id='word_1_164' title='bbox 119 2721 219 2798; x_wconf 85' lang='lat' dir='ltr'><strong>guatio</strong></span> <span class='ocrx_word' id='word_1_165' title='bbox 247 2738 319 2786; x_wconf 91' lang='lat' dir='ltr'><strong>cum</strong></span> <span class='ocrx_word' id='word_1_166' title='bbox 346 2721 493 2802; x_wconf 88' lang='lat' dir='ltr'><strong>generale</strong></span> <span class='ocrx_word' id='word_1_167' title='bbox 514 2739 627 2788; x_wconf 87' lang='lat' dir='ltr'><strong>nomen</strong></span> <span class='ocrx_word' id='word_1_168' title='bbox 649 2723 692 2786; x_wconf 90' lang='lat' dir='ltr'><strong>sit</strong></span> <span class='ocrx_word' id='word_1_169' title='bbox 725 2723 755 2788; x_wconf 92' lang='lat' dir='ltr'><strong>in</strong></span> <span class='ocrx_word' id='word_1_170' title='bbox 789 2727 855 2787; x_wconf 87' lang='lat' dir='ltr'><strong>tres</strong></span> <span class='ocrx_word' id='word_1_171' title='bbox 889 2721 1069 2800; x_wconf 82' lang='lat' dir='ltr'><strong>deducitur,</strong></span> <span class='ocrx_word' id='word_1_172' title='bbox 1103 2739 1234 2805; x_wconf 88' lang='lat' dir='ltr'><strong>quarum</strong></span> 
     </span>
     <span class='ocr_line' id='line_1_21' title="bbox 118 2838 1286 2924; baseline 0.003 -19"><span class='ocrx_word' id='word_1_173' title='bbox 118 2838 175 2904; x_wconf 82' lang='lat' dir='ltr'><strong>alia</strong></span> <span class='ocrx_word' id='word_1_174' title='bbox 195 2859 312 2922; x_wconf 88' lang='lat' dir='ltr'><strong>snpra,</strong></span> <span class='ocrx_word' id='word_1_175' title='bbox 339 2843 402 2908; x_wconf 85' lang='lat' dir='ltr'><strong>ulia</strong></span> <span class='ocrx_word' id='word_1_176' title='bbox 429 2841 511 2908; x_wconf 84' lang='lat' dir='ltr'><strong>infra</strong></span> <span class='ocrx_word' id='word_1_177' title='bbox 539 2848 634 2924; x_wconf 88' lang='lat' dir='ltr'><strong>atque</strong></span> <span class='ocrx_word' id='word_1_178' title='bbox 660 2841 722 2915; x_wconf 80' lang='lat' dir='ltr'><strong>alta</strong></span> <span class='ocrx_word' id='word_1_179' title='bbox 751 2861 788 2908; x_wconf 84' lang='lat' dir='ltr'><strong>ex</strong></span> <span class='ocrx_word' id='word_1_180' title='bbox 815 2846 997 2908; x_wconf 87' lang='lat' dir='ltr'><strong>transuerso</strong></span> <span class='ocrx_word' id='word_1_181' title='bbox 1026 2847 1234 2924; x_wconf 85' lang='lat' dir='ltr'><strong>computatur.</strong></span> <span class='ocrx_word' id='word_1_182' title='bbox 1253 2848 1286 2900; x_wconf 85' lang='lat'><strong>2⁰</strong></span> 
     </span>
     <span class='ocr_line' id='line_1_22' title="bbox 119 2960 1235 3044; baseline 0.004 -22"><span class='ocrx_word' id='word_1_183' title='bbox 119 2963 146 3022; x_wconf 91' lang='lat' dir='ltr'><strong>et</strong></span> <span class='ocrx_word' id='word_1_184' title='bbox 166 2960 311 3042; x_wconf 83' lang='lat' dir='ltr'><strong>supcrIor</strong></span> <span class='ocrx_word' id='word_1_185' title='bbox 333 2967 382 3026; x_wconf 86' lang='lat' dir='ltr'><strong>est</strong></span> <span class='ocrx_word' id='word_1_186' title='bbox 402 2979 511 3027; x_wconf 90' lang='lat' dir='ltr'><strong>eorum</strong></span> <span class='ocrx_word' id='word_1_187' title='bbox 540 2962 594 3044; x_wconf 88' lang='lat' dir='ltr'><strong>qui</strong></span> <span class='ocrx_word' id='word_1_188' title='bbox 620 2979 678 3028; x_wconf 93' lang='lat' dir='ltr'><strong>nos</strong></span> <span class='ocrx_word' id='word_1_189' title='bbox 707 2980 860 3043; x_wconf 82' lang='lat' dir='ltr'><strong>genuere,</strong></span> <span class='ocrx_word' id='word_1_190' title='bbox 890 2960 989 3028; x_wconf 90' lang='lat' dir='ltr'><strong>ueluti</strong></span> <span class='ocrx_word' id='word_1_191' title='bbox 1017 2968 1108 3044; x_wconf 88' lang='lat' dir='ltr'><strong>pater</strong></span> <span class='ocrx_word' id='word_1_192' title='bbox 1135 2969 1235 3027; x_wconf 89' lang='lat' dir='ltr'><strong>mater</strong></span> 
     </span>
     <span class='ocr_line' id='line_1_23' title="bbox 118 3079 1234 3162; baseline 0.002 -21"><span class='ocrx_word' id='word_1_193' title='bbox 118 3097 191 3145; x_wconf 90' lang='lat' dir='ltr'><strong>auus</strong></span> <span class='ocrx_word' id='word_1_194' title='bbox 213 3080 305 3158; x_wconf 76' lang='lat' dir='ltr'><strong>auin,</strong></span> <span class='ocrx_word' id='word_1_195' title='bbox 329 3085 361 3146; x_wconf 90' lang='lat' dir='ltr'><strong>et</strong></span> <span class='ocrx_word' id='word_1_196' title='bbox 382 3080 432 3145; x_wconf 91' lang='lat' dir='ltr'><strong>his</strong></span> <span class='ocrx_word' id='word_1_197' title='bbox 454 3080 642 3162; x_wconf 88' lang='lat' dir='ltr'><strong>superiores.</strong></span> <span class='ocrx_word' id='word_1_198' title='bbox 688 3079 817 3145; x_wconf 82' lang='lat' dir='ltr'><strong>inferior</strong></span> <span class='ocrx_word' id='word_1_199' title='bbox 845 3083 952 3146; x_wconf 89' lang='lat' dir='ltr'><strong>autem</strong></span> <span class='ocrx_word' id='word_1_200' title='bbox 980 3085 1029 3144; x_wconf 91' lang='lat' dir='ltr'><strong>est</strong></span> <span class='ocrx_word' id='word_1_201' title='bbox 1051 3098 1159 3145; x_wconf 91' lang='lat' dir='ltr'><strong>eornm</strong></span> <span class='ocrx_word' id='word_1_202' title='bbox 1180 3079 1234 3160; x_wconf 87' lang='lat' dir='ltr'><strong>qui</strong></span> 
     </span>
     <span class='ocr_line' id='line_1_24' title="bbox 117 3196 1234 3282; baseline 0.004 -23"><span class='ocrx_word' id='word_1_203' title='bbox 117 3215 151 3261; x_wconf 83' lang='lat' dir='ltr'><strong>ex</strong></span> <span class='ocrx_word' id='word_1_204' title='bbox 170 3198 262 3266; x_wconf 88' lang='lat' dir='ltr'><strong>nobis</strong></span> <span class='ocrx_word' id='word_1_205' title='bbox 283 3198 344 3265; x_wconf 87' lang='lat' dir='ltr'><strong>sati</strong></span> <span class='ocrx_word' id='word_1_206' title='bbox 368 3204 451 3277; x_wconf 92' lang='lat' dir='ltr'><strong>sunt,</strong></span> <span class='ocrx_word' id='word_1_207' title='bbox 475 3197 574 3266; x_wconf 89' lang='lat' dir='ltr'><strong>ueluti</strong></span> <span class='ocrx_word' id='word_1_208' title='bbox 596 3197 679 3265; x_wconf 87' lang='lat' dir='ltr'><strong>fliius</strong></span> <span class='ocrx_word' id='word_1_209' title='bbox 701 3197 766 3264; x_wconf 88' lang='lat' dir='ltr'><strong>filia</strong></span> <span class='ocrx_word' id='word_1_210' title='bbox 787 3217 884 3281; x_wconf 89' lang='lat' dir='ltr'><strong>nepos</strong></span> <span class='ocrx_word' id='word_1_211' title='bbox 905 3198 1009 3282; x_wconf 89' lang='lat' dir='ltr'><strong>neptis</strong></span> <span class='ocrx_word' id='word_1_212' title='bbox 1031 3205 1064 3263; x_wconf 87' lang='lat' dir='ltr'><strong>et</strong></span> <span class='ocrx_word' id='word_1_213' title='bbox 1085 3198 1135 3262; x_wconf 93' lang='lat' dir='ltr'><strong>his</strong></span> <span class='ocrx_word' id='word_1_214' title='bbox 1157 3196 1234 3263; x_wconf 88' lang='lat' dir='ltr'><strong>infe·</strong></span> 
     </span>
     <span class='ocr_line' id='line_1_25' title="bbox 117 3315 1233 3403; baseline 0.003 -23"><span class='ocrx_word' id='word_1_215' title='bbox 117 3315 220 3384; x_wconf 88' lang='lat' dir='ltr'><strong>riores.</strong></span> <span class='ocrx_word' id='word_1_216' title='bbox 266 3337 304 3384; x_wconf 83' lang='lat' dir='ltr'><strong>ex</strong></span> <span class='ocrx_word' id='word_1_217' title='bbox 326 3323 509 3386; x_wconf 88' lang='lat' dir='ltr'><strong>transuerso</strong></span> <span class='ocrx_word' id='word_1_218' title='bbox 531 3326 637 3386; x_wconf 88' lang='lat' dir='ltr'><strong>autem</strong></span> <span class='ocrx_word' id='word_1_219' title='bbox 660 3320 785 3403; x_wconf 85' lang='lat' dir='ltr'><strong>cognati</strong></span> <span class='ocrx_word' id='word_1_220' title='bbox 801 3319 892 3386; x_wconf 89' lang='lat' dir='ltr'><strong>nobis</strong></span> <span class='ocrx_word' id='word_1_221' title='bbox 914 3324 997 3398; x_wconf 92' lang='lat' dir='ltr'><strong>sunt,</strong></span> <span class='ocrx_word' id='word_1_222' title='bbox 1020 3318 1073 3399; x_wconf 89' lang='lat' dir='ltr'><strong>qui</strong></span> <span class='ocrx_word' id='word_1_223' title='bbox 1095 3334 1153 3384; x_wconf 88' lang='lat' dir='ltr'><strong>neo</strong></span> <span class='ocrx_word' id='word_1_224' title='bbox 1175 3336 1233 3383; x_wconf 92' lang='lat' dir='ltr'><strong>nos</strong></span> 
     </span>
     <span class='ocr_line' id='line_1_26' title="bbox 117 3438 1284 3522; baseline 0 -20"><span class='ocrx_word' id='word_1_225' title='bbox 117 3443 288 3515; x_wconf 88' lang='lat' dir='ltr'><strong>genuerunt</strong></span> <span class='ocrx_word' id='word_1_226' title='bbox 309 3457 410 3521; x_wconf 89' lang='lat' dir='ltr'><strong>nequo</strong></span> <span class='ocrx_word' id='word_1_227' title='bbox 431 3457 451 3506; x_wconf 87' lang='lat' dir='ltr'><strong>a</strong></span> <span class='ocrx_word' id='word_1_228' title='bbox 473 3439 563 3506; x_wconf 89' lang='lat' dir='ltr'><strong>nobis</strong></span> <span class='ocrx_word' id='word_1_229' title='bbox 584 3438 741 3522; x_wconf 87' lang='lat' dir='ltr'><strong>procreati</strong></span> <span class='ocrx_word' id='word_1_230' title='bbox 764 3444 847 3518; x_wconf 90' lang='lat' dir='ltr'><strong>sunt,</strong></span> <span class='ocrx_word' id='word_1_231' title='bbox 870 3442 920 3504; x_wconf 86' lang='lat' dir='ltr'><strong>eet</strong></span> <span class='ocrx_word' id='word_1_232' title='bbox 935 3438 1066 3503; x_wconf 88' lang='lat' dir='ltr'><strong>eandem</strong></span> <span class='ocrx_word' id='word_1_233' title='bbox 1082 3438 1233 3520; x_wconf 83' lang='lat' dir='ltr'><strong>origInem</strong></span> <span class='ocrx_word' id='word_1_234' title='bbox 1250 3459 1284 3512; x_wconf 78' lang='lat'><strong>25</strong></span> 
     </span>
     <span class='ocr_line' id='line_1_27' title="bbox 117 3555 1232 3639; baseline 0.006 -22"><span class='ocrx_word' id='word_1_235' title='bbox 117 3559 205 3638; x_wconf 85' lang='lat' dir='ltr'><strong>atque</strong></span> <span class='ocrx_word' id='word_1_236' title='bbox 227 3555 359 3639; x_wconf 86' lang='lat' dir='ltr'><strong>stirpem</strong></span> <span class='ocrx_word' id='word_1_237' title='bbox 381 3558 544 3626; x_wconf 84' lang='lat' dir='ltr'><strong>nobIscnm</strong></span> <span class='ocrx_word' id='word_1_238' title='bbox 567 3575 762 3626; x_wconf 85' lang='lat' dir='ltr'><strong>communem</strong></span> <span class='ocrx_word' id='word_1_239' title='bbox 784 3557 915 3638; x_wconf 88' lang='lat' dir='ltr'><strong>babent,</strong></span> <span class='ocrx_word' id='word_1_240' title='bbox 943 3557 1043 3625; x_wconf 89' lang='lat' dir='ltr'><strong>ueluti</strong></span> <span class='ocrx_word' id='word_1_241' title='bbox 1065 3558 1163 3625; x_wconf 85' lang='lat' dir='ltr'><strong>frater</strong></span> <span class='ocrx_word' id='word_1_242' title='bbox 1185 3576 1232 3624; x_wconf 88' lang='lat' dir='ltr'><strong>so·</strong></span> 
     </span>
     <span class='ocr_line' id='line_1_28' title="bbox 117 3675 1233 3762; baseline 0.006 -27"><span class='ocrx_word' id='word_1_243' title='bbox 117 3689 164 3740; x_wconf 87' lang='lat' dir='ltr'><strong>ror</strong></span> <span class='ocrx_word' id='word_1_244' title='bbox 183 3681 315 3758; x_wconf 88' lang='lat' dir='ltr'><strong>patruus</strong></span> <span class='ocrx_word' id='word_1_245' title='bbox 338 3679 515 3744; x_wconf 88' lang='lat' dir='ltr'><strong>auunculus</strong></span> <span class='ocrx_word' id='word_1_246' title='bbox 535 3675 633 3743; x_wconf 89' lang='lat' dir='ltr'><strong>amita</strong></span> <span class='ocrx_word' id='word_1_247' title='bbox 654 3683 826 3745; x_wconf 86' lang='lat' dir='ltr'><strong>matertera</strong></span> <span class='ocrx_word' id='word_1_248' title='bbox 848 3683 880 3744; x_wconf 89' lang='lat' dir='ltr'><strong>et</strong></span> <span class='ocrx_word' id='word_1_249' title='bbox 898 3679 952 3762; x_wconf 90' lang='lat' dir='ltr'><strong>qui</strong></span> <span class='ocrx_word' id='word_1_250' title='bbox 974 3697 1012 3745; x_wconf 84' lang='lat' dir='ltr'><strong>ex</strong></span> <span class='ocrx_word' id='word_1_251' title='bbox 1033 3676 1083 3743; x_wconf 83' lang='lat' dir='ltr'><strong>hIs</strong></span> <span class='ocrx_word' id='word_1_252' title='bbox 1105 3678 1233 3745; x_wconf 89' lang='lat' dir='ltr'><strong>descen·</strong></span> 
     </span>
     <span class='ocr_line' id='line_1_29' title="bbox 118 3792 1231 3880; baseline 0.005 -24"><span class='ocrx_word' id='word_1_253' title='bbox 118 3792 198 3861; x_wconf 86' lang='lat' dir='ltr'><strong>dunt</strong></span> <span class='ocrx_word' id='word_1_254' title='bbox 243 3795 388 3880; x_wconf 84' lang='lat' dir='ltr'><strong>cognatio</strong></span> <span class='ocrx_word' id='word_1_255' title='bbox 410 3802 516 3863; x_wconf 88' lang='lat' dir='ltr'><strong>autem</strong></span> <span class='ocrx_word' id='word_1_256' title='bbox 546 3816 584 3862; x_wconf 80' lang='lat' dir='ltr'><strong>ex</strong></span> <span class='ocrx_word' id='word_1_257' title='bbox 611 3802 793 3864; x_wconf 73' lang='lat' dir='ltr'><strong>unusnerso</strong></span> <span class='ocrx_word' id='word_1_258' title='bbox 825 3797 857 3862; x_wconf 93' lang='lat' dir='ltr'><strong>in</strong></span> <span class='ocrx_word' id='word_1_259' title='bbox 886 3796 964 3862; x_wconf 89' lang='lat' dir='ltr'><strong>duas</strong></span> <span class='ocrx_word' id='word_1_260' title='bbox 991 3796 1173 3876; x_wconf 89' lang='lat' dir='ltr'><strong>deducitur,</strong></span> <span class='ocrx_word' id='word_1_261' title='bbox 1200 3797 1231 3862; x_wconf 93' lang='lat' dir='ltr'><strong>in</strong></span> 
     </span>
     <span class='ocr_line' id='line_1_30' title="bbox 117 3912 1230 4000; baseline 0.005 -24"><span class='ocrx_word' id='word_1_262' title='bbox 117 3912 316 3996; x_wconf 82' lang='lat' dir='ltr'><strong>adgnatorum</strong></span> <span class='ocrx_word' id='word_1_263' title='bbox 336 3924 723 4000; x_wconf 82' lang='lat' dir='ltr'><strong>nempeetcoguatorum.</strong></span> <span class='ocrx_word' id='word_1_264' title='bbox 748 3923 780 3983; x_wconf 87' lang='lat' dir='ltr'><strong>et</strong></span> <span class='ocrx_word' id='word_1_265' title='bbox 788 3916 919 4000; x_wconf 80' lang='lat' dir='ltr'><strong>adgnati</strong></span> <span class='ocrx_word' id='word_1_266' title='bbox 929 3921 1004 3983; x_wconf 85' lang='lat' dir='ltr'><strong>suut</strong></span> <span class='ocrx_word' id='word_1_267' title='bbox 1015 3915 1070 3997; x_wconf 90' lang='lat' dir='ltr'><strong>qui</strong></span> <span class='ocrx_word' id='word_1_268' title='bbox 1082 3935 1137 3998; x_wconf 86' lang='lat' dir='ltr'><strong>per</strong></span> <span class='ocrx_word' id='word_1_269' title='bbox 1152 3932 1230 3982; x_wconf 83' lang='lat' dir='ltr'><strong>mas·</strong></span> 
     </span>
     <span class='ocr_line' id='line_1_31' title="bbox 118 4033 1284 4120; baseline 0.004 -23"><span class='ocrx_word' id='word_1_270' title='bbox 118 4033 319 4102; x_wconf 81' lang='lat' dir='ltr'><strong>cubuisexus</strong></span> <span class='ocrx_word' id='word_1_271' title='bbox 341 4054 491 4120; x_wconf 86' lang='lat' dir='ltr'><strong>personas</strong></span> <span class='ocrx_word' id='word_1_272' title='bbox 514 4036 604 4103; x_wconf 91' lang='lat' dir='ltr'><strong>nobis</strong></span> <span class='ocrx_word' id='word_1_273' title='bbox 631 4036 877 4117; x_wconf 87' lang='lat' dir='ltr'><strong>coniunguntur,</strong></span> <span class='ocrx_word' id='word_1_274' title='bbox 907 4034 1005 4103; x_wconf 88' lang='lat' dir='ltr'><strong>ueluti</strong></span> <span class='ocrx_word' id='word_1_275' title='bbox 1032 4034 1132 4101; x_wconf 83' lang='lat' dir='ltr'><strong>irater</strong></span> <span class='ocrx_word' id='word_1_276' title='bbox 1160 4051 1231 4102; x_wconf 87' lang='lat' dir='ltr'><strong>con·</strong></span> <span class='ocrx_word' id='word_1_277' title='bbox 1248 4037 1284 4088; x_wconf 77' lang='lat'><strong>³0</strong></span> 
     </span>
    </p>
   </div>
   <div class='ocr_carea' id='block_1_3' title="bbox 163 4276 1028 4335">
    <p class='ocr_par' dir='ltr' id='par_1_4' title="bbox 163 4276 1028 4335">
     <span class='ocr_line' id='line_1_32' title="bbox 163 4276 1028 4335; baseline 0.006 -12"><span class='ocrx_word' id='word_1_278' title='bbox 163 4281 260 4335; x_wconf 77' lang='lat' dir='ltr'><strong>Theoph.</strong></span> <span class='ocrx_word' id='word_1_279' title='bbox 274 4285 387 4330; x_wconf 64' lang='lat' dir='ltr'><strong>Auoecess.</strong></span> <span class='ocrx_word' id='word_1_280' title='bbox 401 4297 444 4327; x_wconf 78' lang='lat' dir='ltr'><strong>rec·</strong></span> <span class='ocrx_word' id='word_1_281' title='bbox 457 4283 548 4326; x_wconf 77' lang='lat' dir='ltr'><strong>Fer-riui.</strong></span> <span class='ocrx_word' id='word_1_282' title='bbox 1011 4276 1028 4328; x_wconf 82' lang='grc'>6</span> 
     </span>
    </p>
   </div>
   <div class='ocr_carea' id='block_1_4' title="bbox 0 0 1524 4884">
    <p class='ocr_par' dir='ltr' id='par_1_5' title="bbox 0 0 1524 4884">
     <span class='ocr_line' id='line_1_33' title="bbox 0 0 1524 4884; baseline 0 2"><span class='ocrx_word' id='word_1_283' title='bbox 0 0 1524 4884; x_wconf 95' lang='lat' dir='ltr'><strong> </strong></span> 
     </span>
    </p>
   </div>
  </div>
 </body>
</html>
