3078 4882
596 459 830 526 -184-

153 630 236 713 dum
258 648 375 730 plures.
419 648 567 713 in-unius
590 647 692 714 locum
715 663 826 728 unum,
856 654 893 715 ut
920 667 1006 716 cccc:
1035 649 1189 717 Primus
1216 652 1281 718 he-

153 781 219 832 res
242 771 344 846 esto,
375 767 455 832 nisi
477 763 632 832 Primus
662 767 783 834 heres
810 767 897 848 fiat,
929 765 1138 835 Secundus
1166 772 1280 838 heres

152 892 253 950 esto.
292 887 324 951 in
353 886 446 952 unius
475 885 577 952 locum
604 885 726 966 plures,
760 887 819 952 itu:
854 887 1011 954 Primus
1041 891 1278 968 heresesto,

151 1005 232 1071 nisi
254 1005 342 1086 fiat,
365 1005 570 1072 Secundus
593 1005 838 1090 Tertiusquc
860 1005 1277 1090 mihiheredessunto.

150 1125 295 1207 pluribus
324 1142 421 1191 unum
451 1123 497 1190 its
530 1125 766 1192 substituimus:
802 1125 955 1194 Primus
986 1125 1278 1207 Secundusque
1313 1131 1330 1182 ὅ
1429 1209 1431 1214 .

150 1243 243 1310 mihi
270 1244 441 1311 heredes
469 1250 604 1326 sunto,
638 1245 675 1310 ni
704 1244 817 1322 fiant,
851 1245 1011 1311 Tertius
1040 1245 1135 1311 mihi
1163 1248 1278 1311 heros

150 1371 251 1430 esto.
295 1363 438 1446 pluribus
460 1362 577 1444 plures,
600 1363 717 1430 ueluti:
740 1365 888 1429 Primus
912 1363 1198 1446 Secundusque
1220 1365 1278 1431 he-

150 1497 216 1549 res
238 1487 370 1560 sunto,
398 1482 436 1547 ni
466 1481 777 1562 iicnt,‚Tertius
805 1483 1060 1564 Quantasque
1089 1481 1183 1549 mihi
1213 1485 1277 1550 he·

150 1599 264 1669 rodes
287 1607 415 1668 sunto.
449 1621 615 1684 possumus
638 1608 670 1668 et
692 1603 826 1668 inuicem
849 1589 990 1670 heredes'
1003 1603 1063 1669 sibi
1085 1605 1277 1670 substituere

149 1723 209 1788 hoc
231 1723 337 1788 modo:
362 1722 513 1787 Primus
534 1724 650 1788 heres
673 1723 764 1787 mihi
788 1729 870 1788 esto
894 1741 938 1789 ex
960 1724 1128 1788 semisse
1150 1729 1190 1789 ct
1213 1722 1276 1789 Se·
1298 1733 1328 1784 10

149 1843 297 1909 nundus
319 1860 364 1908 ex
387 1843 567 1916 semisse3
590 1843 622 1906 si
646 1841 798 1907 Primus
822 1841 937 1907 heres
960 1858 1032 1907 non
1055 1841 1139 1916 sict,
1161 1842 1276 1909 heres

149 1965 233 2026 esto
256 1959 460 2026 Secundus
482 1961 519 2025 in
535 1960 804 2044 eiusparrem;
827 1960 907 2025 nisi
923 1957 1131 2026 Secundus
1147 1959 1274 2037 adest,

107 2089 129 2139 2.
149 2085 238 2146 esto
261 2079 410 2146 Primus
432 2081 469 2145 in
493 2079 669 2146 Secundi
692 2085 844 2161 portem
867 2079 1127 2146 substitutus.
1173 2079 1202 2142 2.
1234 2079 1276 2145 Et

148 2201 177 2265 si
199 2200 334 2266 heredes
357 2219 394 2266 ex
422 2199 599 2282 disparibus
626 2201 769 2282 partibus
796 2199 948 2281 scriptos,
977 2206 1012 2263 ut
1041 2215 1112 2264 ecce
1142 2197 1275 2263 alterum

148 2339 187 2386 ex
221 2326 392 2402 septunce,
409 2300 411 2304 ¹
426 2319 560 2385 clterum
597 2338 636 2383 ex
669 2319 866 2401 quincunce,
900 2318 1032 2384 inuicem
1070 2317 1326 2394 substituerem

148 2437 235 2506 nulia
268 2439 404 2521 partium
438 2439 595 2504 mentione
624 2438 658 2503 in
689 2437 877 2503 substitione
904 2437 1028 2515 habite,
1062 2443 1110 2500 tot
1142 2435 1274 2518 accipiet

146 2559 257 2625 uncias
292 2558 498 2633 substitutae,
527 2563 604 2638 quot
637 2562 823 2636 accepturus
856 2554 968 2622 fuisset
1002 2555 1029 2620 si
1057 2545 1187 2621 cdii'sset
1222 2554 1274 2619 ille

146 2679 197 2745 cui
220 2677 411 2744 substitutus
434 2683 492 2743 est.
540 2693 611 2740 num
639 2676 666 2738 si
692 2674 806 2740 adierit
833 2674 888 2755 qui
917 2691 954 2738 en
982 2673 1156 2756 quincunce
1186 2672 1273 2740 insti-

146 2803 237 2864 tutus
264 2803 328 2876 est,
358 2796 552 2861 recensuerit
580 2800 686 2860 sutem
714 2794 768 2876 qui
796 2812 834 2860 ex
867 2798 1017 2876 septunce
1049 2798 1098 2858 est
1125 2792 1271 2874 scriptus,

146 2935 209 2983 non
243 2921 292 2983 est
320 2913 484 2982 dicendum
507 2915 711 2994 quincuncem
744 2931 813 2979 esse
835 2911 975 2977 Primum
1005 2917 1206 2994 accepturum
1235 2932 1272 2978 ex
1291 2934 1325 2984 20

146 3035 382 3116 substitutione,
405 3043 454 3100 set
474 3039 666 3116 septuncem.
701 3041 750 3099 tot
772 3033 854 3098 enim
877 3033 999 3098 unciam
1022 3030 1134 3098 fuisset
1157 3032 1273 3098 Secun-

102 3181 127 3233 3.
147 3156 207 3223 dus
229 3161 426 3237 accepturus.
478 3154 507 3217 3.
541 3151 698 3219 Heredem
726 3152 797 3232 quis
827 3151 966 3216 Primum
995 3150 1135 3218 instituit
1161 3168 1198 3215 ex
1225 3168 1273 3216 sc-
1331 3129 1334 3136 λ

145 3275 242 3341 misse
272 3281 305 3340 et
326 3273 505 3341 Secundum
532 3272 609 3338 item
640 3291 678 3338 ex
706 3272 848 3350 semisse,
876 3269 1072 3349 addiditque:
1103 3270 1179 3334 nisi
1208 3267 1271 3334 Se·

144 3397 299 3462 nundus
321 3395 442 3462 heres
464 3394 551 3473 iiut,
573 3394 732 3459 Primus
755 3394 871 3458 heres
895 3398 995 3469 esto,
1018 3390 1096 3456 nisi
1118 3385 1271 3453 Primus

144 3517 259 3582 heres
281 3513 365 3593 fist,
388 3515 552 3581 Tertius
575 3521 673 3579 esto.
719 3512 855 3578 Seuerus
884 3517 915 3576 et
937 3509 1116 3575 Antoninus
1138 3506 1271 3589 rescrip-
1289 3535 1323 3587 25

194 4356 296 4406 Theoph·
309 4355 423 4396 Antecess·
436 4366 478 4395 rec.
493 4353 583 4394 Fertini-
