3058 4890
586 408 818 472 -alt-

138 593 222 661 facts
260 613 317 660 sen
350 593 422 660 dala
453 593 578 660 heredis
612 595 674 660 mei
707 595 850 661 decessit.
911 594 1083 676 legatarius
1117 593 1264 660 damnum

138 714 263 779 sentiet.
307 715 334 780 si
357 713 478 779 alienas
500 720 569 778 erat
596 731 707 779 seruus
730 721 826 793 etque
853 732 872 778 a
900 713 1026 779 domino
1057 712 1266 778 manumissus

138 841 197 913 est,
219 851 281 898 non
297 852 335 899 ex
358 833 521 898 uoluntate
543 831 679 912 heredis,
703 834 753 897 uel
777 833 922 911 decessit,
946 851 1007 897 non
1031 831 1192 899 tenebitur
1212 830 1267 898 he·

138 972 198 1018 res.
237 952 286 1018 sin
309 959 416 1017 autem
437 951 563 1017 heredis
586 970 712 1018 seruum
735 951 793 1018 tibi
814 952 928 1034 lagani,
951 951 1043 1018 heres
1065 959 1171 1028 antem
1194 970 1266 1018 eum

138 1072 329 1150 manumisit,
353 1072 453 1137 teneri
475 1071 570 1136 stiam
593 1071 738 1137 heredem
763 1069 906 1137 Iulianus
929 1071 1039 1137 scribit
1062 1071 1102 1136 ad
1130 1072 1264 1152 pretium
1300 1083 1316 1134 a

138 1192 341 1271 selusndnm;
376 1210 478 1275 neque
510 1191 644 1258 interest
677 1192 784 1258 scierit
815 1209 855 1257 an
889 1191 1084 1272 ignorauerit
1112 1191 1266 1257 eiusmodi

138 1311 293 1376 hominem
316 1329 336 1375 a
357 1328 407 1375 me
428 1308 526 1375 fuisse
552 1309 700 1391 legatum.
750 1309 836 1374 idem
865 1316 915 1375 est
941 1310 1034 1375 etiam
1061 1307 1089 1374 si
1117 1327 1175 1390 ego
1202 1328 1265 1375 ser·

138 1447 215 1495 uum
238 1447 301 1495 neu
323 1429 505 1507 manumisi,
534 1427 588 1494 alii
617 1435 722 1493 autem
750 1425 916 1493 bonafide
938 1429 1071 1507 desani,
1098 1429 1181 1493 idest
1203 1447 1265 1495 nen

138 1551 171 1612 in
214 1547 356 1612 fraudem
400 1546 564 1630 legatarii,
609 1553 641 1611 st
685 1548 739 1629 qni
783 1548 903 1628 accepit
945 1566 1016 1613 eum
1064 1548 1264 1613 manumisit:

139 1675 216 1734 tnnc
237 1684 362 1748 queque
385 1666 469 1732 enim
491 1666 559 1733 eius
578 1665 756 1732 aestimatio
779 1667 819 1732 ab
841 1666 957 1732 herede
980 1669 1132 1749 patietur,
1158 1684 1265 1748 quam·
1285 1676 1316 1727 10

89 1788 130 1843 1⁷·
141 1786 189 1853 uis
211 1787 404 1868 ignoraaerit
426 1804 496 1852 sum
520 1804 590 1852 esse
611 1785 760 1868 legatum.
813 1788 863 1850 17.
896 1785 1049 1852 Ancillam
1078 1804 1167 1853 suam
1194 1806 1265 1853 cum

138 1907 223 1972 natis
244 1906 310 1971 suis
334 1905 460 1987 qnidam
483 1907 610 1987 legauit,
633 1905 683 1970 his
706 1906 813 1971 uerbis
835 1923 926 1971 usus:
950 1906 1055 1972 Titio
1078 1905 1265 1972 ancillam

139 2044 222 2092 cum
245 2026 353 2090 natis
376 2025 455 2090 suis
476 2027 571 2106 lego.
616 2026 690 2092 uiuo
712 2031 880 2103 testatars,
906 2025 1020 2093 ansilla
1043 2026 1188 2093 decessit.
1234 2029 1265 2092 in

139 2145 325 2225 sequidem
348 2145 541 2225 extinguitur
562 2146 711 2228 legatum,
733 2147 765 2210 in
793 2145 876 2212 natis
899 2153 1005 2212 autem
1034 2145 1136 2224 adst,
1164 2163 1267 2227 nsque

139 2263 303 2344 cumipse
325 2264 444 2330 subolis
466 2281 590 2347 quoqne
616 2266 700 2348 perit
725 2265 873 2348 legatum.
919 2264 1038 2330 Sarnus
1067 2282 1156 2331 meus
1184 2262 1317 2330 ordi-1⁶

139 2383 248 2449 narius
271 2382 397 2459 dicitnr,
420 2384 487 2448 eius
510 2389 615 2448 autem
638 2383 773 2450 famulus
795 2384 885 2450 audit
907 2385 1054 2450 uicarius.
1100 2403 1171 2450 cnm
1194 2383 1265 2465 quis

139 2521 268 2570 seruum
290 2502 416 2569 nemine
439 2501 579 2569 Stichum
606 2504 751 2584 haberet,
781 2505 834 2587 qni
861 2504 997 2571 uicarios
1019 2504 1167 2583 haberet,
1191 2505 1266 2570 mihi
1323 2584 1325 2588 Ι

138 2623 332 2689 ordinarium
359 2641 431 2688 enm
461 2624 587 2688 nicariis
616 2623 744 2705 legauit
797 2623 932 2688 decessit
960 2624 1153 2705 ordinarius,
1181 2624 1266 2708 lega·

138 2751 271 2824 tumque
296 2744 381 2825 quod
412 2745 453 2810 ad
481 2744 675 2809 ordinarium
703 2741 892 2823 extinctum,
919 2745 952 2808 in
980 2745 1107 2824 uicariis
1137 2744 1265 2811 ualebit

138 2864 217 2930 haec
246 2865 303 2930 tibi
333 2866 469 2947 primum
497 2870 663 2945 perspecta
694 2865 766 2929 sint.
815 2864 970 2947 quaedam
998 2881 1050 2929 res
1077 2865 1265 2949 principales
1283 2874 1318 2925 aa

139 2988 223 3061 sunt,
245 2983 403 3064 quaedam
425 2984 618 3051 accessorius
640 2991 673 3049 et
694 2989 850 3066 quatenus
872 2981 1060 3066 principales
1076 2984 1265 3064 subsistunt,
1293 3071 1303 3078 „

139 3100 312 3168 subsistere
332 3118 457 3184 qnoque
471 3102 664 3169 accessoriae
678 3103 918 3185 intellegentem
941 3101 1003 3168 illis
1024 3121 1101 3170 uero
1123 3103 1265 3179 sublatis,

139 3223 173 3285 et
187 3218 248 3286 hae
263 3221 501 3303 extinguuntur.
524 3226 561 3286 nt
575 3239 647 3287 ecce
667 3240 720 3286 res
742 3221 924 3305 principalis
946 3241 1059 3288 seruus
1081 3229 1138 3301 est,
1161 3240 1265 3288 acces·

138 3338 224 3404 soria
243 3343 351 3405 antem
373 3339 538 3422 peculium.
562 3357 754 3406 seruauere
778 3347 901 3408 mortuo
924 3341 977 3407 uel
999 3340 1191 3406 manumisso
1213 3338 1266 3405 uel
