3058 4890
601 426 833 488 -211-

158 607 280 672 luntate
302 615 357 674 ant
379 627 454 676 casu
474 612 651 694 (uoluntate
673 612 799 695 quidem
821 614 849 678 si
871 614 1008 695 legatum
1032 616 1198 696 spreuerit‚
1221 613 1283 679 for·

159 726 242 790 tuitn
265 733 369 792 antem
399 729 427 795 si
456 729 532 795 uiuo
561 736 714 796 testatore
743 731 928 805 decesserit,
961 738 1017 798 aut
1050 733 1111 798 alio
1144 732 1283 813 quolibet

157 847 250 911 modo
274 846 431 926 deiecerit,
454 850 554 915 ueluti
577 852 602 915 si
625 852 787 918 ciuitatem
815 852 983 934 amiserit),
1013 857 1088 919 tunc
1116 858 1217 918 totum
1241 851 1284 918 le·

158 970 266 1046 gatum
288 967 327 1030 ad
350 967 595 1049 conlegatarium
618 970 764 1051 pertinet.
798 977 830 1036 et
857 972 1046 1036 coniunctim
1070 972 1208 1051 legatur,
1230 990 1283 1036 uc·

158 1083 217 1148 lnti
240 1085 267 1150 si
288 1084 334 1150 ita
356 1086 472 1152 dicam:
500 1087 604 1156 Titio
632 1096 672 1154 et
694 1087 778 1155 Seio
806 1090 987 1158 Stichum
1013 1090 1208 1155 hominem
1235 1089 1282 1155 do
1317 1097 1334 1149 o

158 1205 263 1284 lego:
286 1204 465 1271 disiunctim
487 1208 546 1272 ita:
570 1207 673 1275 Titio
698 1209 877 1276 Stichum
900 1210 1093 1275 hominem
1117 1209 1164 1273 do
1185 1207 1282 1289 lego,

159 1322 248 1388 Seio
271 1321 447 1390 Stichum
469 1325 663 1393 hominem
686 1327 733 1393 do
756 1327 853 1408 lego.
898 1333 930 1393 et
952 1327 979 1392 si
1003 1326 1168 1392 addidero:
1198 1323 1283 1391 Seio

158 1444 324 1510 eundem
357 1444 549 1512 hominem
583 1449 704 1529 pariter
736 1447 915 1514 disiunctim
947 1449 1086 1528 legatum
1123 1451 1186 1522 est;
1218 1444 1282 1509 dixi

158 1562 240 1628 enim
264 1563 368 1630 Titio
391 1565 566 1632 Stichum
589 1566 778 1633 hominem
800 1566 901 1649 lego,
924 1564 1016 1631 Scio
1039 1564 1201 1629 eundem
1223 1561 1284 1626 ho-

159 1683 292 1748 minem
314 1681 412 1766 lego.
458 1686 565 1768 itaque
587 1684 767 1751 coniunctio
793 1693 880 1751 ›et‹
910 1685 937 1749 si
965 1685 1061 1762 adsit,
1092 1681 1282 1749 coniunctim
1303 1690 1335 1742 10

112 1826 138 1877 9,
157 1801 295 1882 legatur3
328 1803 376 1866 sin
406 1808 511 1869 autem
541 1803 638 1881 desit,
673 1803 862 1870 disiunctim.
913 1804 942 1867 9.
977 1803 1052 1869 Titii
1080 1821 1191 1884 agrum
1219 1819 1282 1866 mo·

158 1919 243 1984 riens
266 1920 342 1985 mihi
369 1919 492 2003 legasti.
544 1929 576 1987 te
603 1922 706 1988 adhuc
735 1924 824 2000 uino,
853 1923 988 1988 eundem
1018 1940 1128 2002 agrum
1159 1920 1282 1986 aTitio

158 2038 227 2117 emi,
239 2039 379 2105 detracto
394 2041 568 2118 usufructu,
581 2041 664 2106 idest
679 2042 794 2107 nudam
810 2042 951 2124 quaesiui
967 2041 1199 2122 proprietatem,
1212 2058 1282 2105 cum

159 2158 356 2224 ususfructus
379 2160 462 2241 apud
484 2159 601 2225 Titium
625 2167 774 2226 maneret.
819 2159 924 2241 paullo
952 2167 1038 2241 post,
1069 2165 1212 2225 mortuus
1234 2163 1283 2223 est

158 2275 259 2341 Titius
282 2277 412 2360 eiusque
435 2280 523 2345 obitu
546 2281 703 2345 extinctus
725 2279 925 2346 ususfructus
947 2297 1039 2360 quem
1064 2279 1132 2358 ipse
1148 2278 1284 2343 retiano*
1303 2291 1333 2340 ro

158 2402 218 2472 rat,
241 2397 281 2462 ad
304 2397 475 2464 dominium
498 2405 546 2465 est
569 2418 725 2465 reuersus.
771 2419 841 2466 cum
864 2406 899 2465 tu
922 2399 1104 2475 decesseris
1127 2417 1165 2462 ex
1187 2402 1280 2462 testa·

157 2521 262 2580 mento
285 2535 354 2581 cnm
376 2517 492 2582 herede
514 2523 569 2582 tuo
592 2537 685 2598 agere
708 2518 790 2585 uolo.
812 2516 926 2583 Iuliani
949 2517 1104 2583 sententia
1127 2522 1176 2581 est
1197 2521 1282 2582 recte

160 2652 208 2698 me
236 2641 344 2716 petere
370 2655 427 2717 per
455 2637 486 2700 in
521 2655 685 2717 personam
715 2639 869 2703 actionem
899 2636 1149 2701 aestimationem
1178 2635 1282 2700 nudae

158 2754 361 2834 proprietatis
399 2756 497 2820 fundi.
566 2775 637 2820 nam
680 2757 877 2821 ususfructus
917 2755 968 2820 hic
1006 2756 1108 2821 locum
1147 2755 1283 2820 seruitu-

159 2873 200 2937 tis
233 2873 371 2952 optinet,
404 2873 541 2941 officium
571 2881 677 2940 antem
701 2879 749 2940 est
775 2873 889 2941 iudicis
911 2874 1036 2949 iubere,
1064 2881 1116 2951 ut,
1146 2875 1280 2940 deducto
1300 2900 1334 2950 20

159 2990 332 3071 usufructu,
357 2992 447 3058 heres
468 2992 542 3057 mihi
565 2993 814 3059 aestimationem
836 2999 986 3075 praestet.
1015 3001 1050 3060 ut
1074 3013 1144 3061 ecce
1166 2994 1282 3058 fundus

159 3128 229 3176 cnm
252 3111 416 3176 usufructu
432 3109 484 3175 CL
507 3113 610 3177 aureis
633 3113 736 3192 ualet;
759 3113 902 3179 detracto
924 3117 1030 3178 autem
1052 3114 1219 3179 usufructu
1241 3111 1282 3190 03

159 3232 211 3298 GL
233 3253 345 3299 aureos
368 3234 493 3315 quidem
514 3254 571 3316 ego
587 3240 701 3316 petam,
725 3241 774 3301 set
796 3235 898 3301 officio
920 3235 1032 3301 indicis
1055 3234 1231 3299 continetur
1245 3236 1282 3296 ut

157 3350 254 3417 solius
277 3354 478 3434 proprietatis
501 3353 677 3419 aestimatio
700 3353 776 3417 mihi
803 3359 995 3435 praestetur,
1018 3353 1102 3416 idest
1129 3350 1217 3414 aursi
1245 3347 1280 3414 0.

158 3472 406 3538 aestimationem
430 3479 535 3538 autem
557 3473 757 3539 ususfructus
781 3492 829 3537 me
859 3457 1001 3551 accipere
1029 3470 1199 3536 absurdum
1223 3476 1280 3545 est,
1298 3487 1332 3538 ao
