3038 4884
575 423 786 486 ...61-

125 608 312 690 imaginariis
346 608 576 675 conditionibus
610 608 762 690 explosis,
790 608 874 691 apud
901 613 1127 690 competentem
1159 606 1238 672 iudi·

124 745 185 792 cem
206 745 264 793 seu
285 727 488 808 magistratus
509 725 603 792 liceat
623 727 805 808 parentibus
834 728 966 805 intrare,
997 743 1132 808 suosque
1157 724 1236 792 iiiios

123 844 238 913 filiasue
261 845 313 912 uel
335 851 464 928 nepotes
487 851 637 927 neptesue
660 853 692 914 et
713 847 859 929 deinceps
881 864 939 912 sua
961 865 1054 912 manu
1070 845 1237 923 dimittere,

122 965 151 1031 id
171 969 294 1031 tautum
317 967 470 1033 dicentes:
500 964 603 1032 hunc
629 967 829 1050 emancipe
856 984 1019 1050 meaque
1040 984 1155 1032 manu
1177 961 1238 1030 di·

123 1085 239 1152 mitto.
283 1091 316 1152 et
337 1086 363 1150 si
385 1091 457 1166 post
478 1084 630 1152 eiusmodi
652 1087 927 1168 emancipationem
950 1104 1020 1152 eum
1044 1103 1162 1166 eamne,
1185 1085 1238 1168 qui
1272 1101 1288 1151 t

123 1223 238 1287 quaeue
267 1204 364 1272 fuerit
390 1205 603 1286 emancipatus
633 1206 867 1288 emancipatam
898 1205 965 1271 sine
1000 1203 1108 1271 liberis
1142 1209 1235 1271 testa·

122 1330 220 1390 mento
243 1324 327 1391 iacto
349 1324 428 1390 mori
451 1324 626 1407 eontigerit,
649 1325 757 1391 eadem
778 1325 848 1390 iura
870 1343 908 1390 ex
934 1325 1055 1390 aedicto
1085 1324 1238 1405 praetoris

121 1445 365 1526 praestabuntur
387 1444 509 1525 parenti
530 1443 747 1510 manumissori
763 1443 795 1508 in
811 1444 1006 1510 successione
1020 1441 1076 1507 dlii
1092 1441 1238 1516 defuncti,

120 1579 197 1642 quae
219 1568 355 1646 patrono
378 1563 559 1628 tribuuntur
581 1561 613 1627 in
636 1562 725 1628 bonis
741 1561 855 1640 liberti,
871 1563 924 1644 qui
939 1563 1006 1628 sine
1021 1561 1128 1628 liberis
1142 1566 1239 1627 testu·

121 1690 221 1749 mento
245 1683 330 1748 facto
360 1682 537 1749 decesserit.
588 1683 614 1748 si
643 1702 718 1749 uero
749 1683 934 1765 emancipati
960 1681 1138 1764 impuberes
1165 1681 1236 1762 sint,
1257 1699 1288 1750 10

122 1821 225 1870 eorum
249 1802 380 1869 tutelam
402 1821 516 1886 pareus
546 1803 755 1868 manumissor
777 1804 873 1885 gerit,
903 1803 1045 1886 sequitur
1071 1802 1151 1868 euim
1174 1820 1239 1868 ma·

87 1933 106 1986 t.
122 1922 304 1990 numissioni
325 1942 404 1989 onus
426 1925 554 1990 tutelae.
599 1925 628 1986 7.
662 1921 740 1990 Cum
763 1923 834 2005 quis
858 1920 956 1988 filium
981 1920 1112 2000 habeat,
1142 1927 1174 1987 et
1201 1940 1239 1987 ex

122 2060 156 2108 eo
188 2050 336 2126 nepotem
370 2050 535 2125 neptemue
569 2045 600 2108 in
632 2048 810 2126 potestate,
846 2046 951 2125 potest
982 2040 1107 2124 quidem
1140 2039 1238 2106 filium

123 2166 325 2247 emancipare,
347 2171 490 2246 nepotem
519 2183 594 2230 uero
624 2165 656 2229 in
684 2168 839 2246 potestate
867 2163 1018 2235 retinere,
1047 2160 1098 2227 uel
1127 2179 1165 2227 ex
1193 2160 1239 2224 di·

123 2301 220 2362 uerso,
244 2289 375 2365 nepotes
398 2284 602 2366 emancipare,
625 2281 722 2348 filium
746 2288 851 2349 autem
873 2281 906 2347 in
920 2286 1076 2362 potestate
1090 2279 1236 2345 retinere.
1257 2277 1288 2328 15

123 2401 148 2464 si
168 2420 246 2468 uero
269 2408 471 2485 pronepotem
493 2403 608 2469 habeat
637 2410 860 2484 proneptemue
887 2401 994 2468 eadem
1026 2400 1158 2465 dicimus
1165 2421 1173 2482 3
1203 2399 1238 2463 li·

124 2537 189 2587 cere
210 2522 243 2587 ei
265 2539 375 2602 nempe
396 2526 598 2603 pronepotem
620 2521 824 2604 emancipare,
846 2519 944 2586 filium
966 2524 1070 2585 autem
1093 2523 1126 2584 et
1146 2537 1238 2601 nepo·

89 2640 108 2690 8-
124 2643 168 2705 tes
188 2640 338 2718 retinere,
361 2639 413 2707 uel
436 2660 473 2706 ex
495 2641 638 2726 diuerso;
661 2641 827 2707 ueletiam
850 2657 956 2706 omnes
980 2637 1185 2721 emancipare.
1208 2638 1238 2703 8.

124 2759 178 2824 Est
198 2760 282 2826 alius
304 2777 428 2842 quoque
449 2760 559 2826 modus
581 2779 642 2843 quo
665 2743 714 2825 ius
736 2759 901 2840 potestatis
923 2758 1065 2824 soluitur.
1093 2758 1120 2823 si
1143 2757 1237 2824 filium

124 2897 222 2944 meum
247 2898 308 2944 auo
330 2886 460 2961 paterno
482 2879 533 2944 uel
555 2885 695 2944 materno
717 2880 928 2961 adoptandum
951 2878 1082 2956 dedero,
1106 2877 1239 2943 soluitur
1255 2883 1290 2936 aa

124 2997 169 3060 ius
190 2997 368 3076 potcstatis,
391 2998 474 3079 qnod
496 2997 667 3063 habueram
696 2998 727 3062 in
754 3015 806 3076 eo,
833 3002 928 3079 atque
954 2995 986 3061 in
1016 3015 1111 3062 auum
1140 3002 1238 3061 trans·

125 3113 231 3182 fertur.
277 3115 313 3183 fit
335 3122 440 3183 autem
467 3118 498 3182 id
524 3119 557 3182 iu
585 3119 669 3184 hunc
697 3118 823 3185 modum
851 3118 930 3190 actis
959 3116 1239 3183 interuenientibus

125 3235 205 3317 apud
228 3242 454 3317 competentem
476 3236 619 3304 iudicem.
652 3242 777 3319 oportet
799 3236 880 3302 enim
903 3254 973 3302 eum
995 3236 1083 3301 adire
1107 3240 1238 3317 patrem,

126 3359 287 3433 praesente
308 3373 369 3421 auo
391 3356 442 3435 qui
465 3354 552 3420 ilium
575 3357 781 3438 adoptaturus
803 3361 860 3435 est,
884 3357 1095 3420 consentiente
1116 3371 1240 3436 quoque

125 3470 194 3553 filio,
218 3473 273 3557 qui
295 3475 473 3558 adoptatur,
497 3493 553 3541 nec
575 3475 824 3554 conmadicente,
848 3481 880 3544 et
903 3476 1079 3541 declarante
1101 3473 1290 3557 proposito

126 3598 190 3656 tum
212 3610 304 3658 suum
326 3591 375 3658 his
397 3593 520 3660 uerbis:
542 3594 644 3660 hunc
666 3612 736 3676 ego
759 3595 820 3660 illi
842 3595 880 3659 in
903 3595 1155 3675 adoptionem
1178 3593 1238 3677 do;
