3078 4882
614 414 847 478 ..132-

171 600 230 664 ein
254 598 337 665 enin
359 602 471 666 unciam
494 599 660 666 heredibus
683 619 719 665 en
750 607 837 666 certa
863 605 955 682 purte
982 601 1136 668 institutis
1167 603 1296 670 relictae

171 724 255 784 sunt
301 719 383 784 idem
407 728 456 786 est
478 719 573 786 etiam
596 721 622 784 si
645 722 675 784 in
700 729 764 785 tres
788 721 968 802 dipondium
992 721 1237 803 consumpserim
1260 739 1296 788 ac

172 839 285 904 deinde
312 841 467 919 quendam
496 840 564 904 sine
596 846 687 921 parte
720 837 904 905 addiderim.
961 859 1032 906 nam
1065 860 1166 908 assem
1200 861 1295 907 unum

171 957 232 1024 sibi
254 959 398 1036 habebit,
427 960 470 1024 ita
500 967 535 1026 ut
562 960 593 1024 in
617 955 750 1024 XXXVI
779 961 886 1026 uncias
916 967 984 1027 tota
1011 961 1186 1028 deducatur
1208 961 1296 1027 here·

172 1078 265 1154 ditas,
289 1084 384 1161 atque
400 1076 524 1144 XXIIII
540 1098 596 1144 seu
612 1079 748 1144 XXXVI
765 1080 875 1146 unnim
898 1097 993 1146 unum
1016 1080 1161 1162 expleant
1183 1097 1294 1146 assem.
1330 1085 1345 1132 ὁ

126 1207 149 1256 9.
170 1199 199 1260 9.
234 1194 391 1264 Heredem
406 1213 407 1216 ’
421 1206 452 1262 et
485 1215 563 1278 pure
598 1204 631 1262 et
660 1198 718 1262 sub
752 1199 931 1264 condicione
962 1200 1128 1266 instituere
1157 1217 1294 1280 possum.

169 1335 248 1396 pure
271 1315 397 1397 quidem
421 1314 479 1379 hec
502 1317 609 1380 medo:
633 1316 701 1382 ille
724 1317 817 1380 mihi
841 1318 958 1382 heres
981 1326 1080 1397 est0;
1109 1320 1167 1402 sub
1191 1319 1295 1382 cundi-

169 1435 258 1499 cione
286 1441 405 1498 autem:
434 1433 504 1499 ille
533 1435 626 1498 mihi
655 1435 770 1500 heres
800 1443 903 1513 este,
935 1435 970 1500 si
999 1438 1112 1501 nauis
1135 1455 1179 1502 ex
1203 1437 1294 1502 Asin

169 1555 337 1618 uenerit.
368 1572 404 1618 ex
427 1561 513 1619 certe
537 1561 676 1636 tempore
700 1553 750 1619 uel
772 1555 812 1619 ad
835 1562 956 1622 certum
979 1562 1102 1637 tempus
1126 1573 1185 1620 n0n
1209 1564 1294 1621 recte

169 1674 240 1751 quis
263 1673 355 1738 heres
378 1672 542 1749 scribitur,
573 1680 609 1736 ut
632 1691 716 1739 eece:
747 1673 819 1738 ille
846 1674 937 1739 mihi
961 1676 1073 1740 heres
1097 1683 1180 1740 este
1203 1683 1294 1754 post
1315 1685 1345 1735 10

168 1793 484 1873 quinquennium
518 1810 630 1873 quam
659 1795 801 1858 moriar
831 1793 881 1858 uel
909 1813 953 1857 en
980 1793 1165 1859 kalendis
1197 1813 1293 1860 mar-

170 1912 248 1976 tiis.
295 1911 346 1976 uel
368 1911 395 1976 si
418 1911 488 1991 quis
511 1914 556 1976 ita
578 1913 677 1976 dieat:
708 1911 779 1976 ille
807 1913 898 1976 milui
927 1913 1039 1978 heres
1062 1921 1149 1979 esto
1174 1932 1293 1995 nsque

170 2032 217 2096 ed
251 2029 442 2094 kalendas
482 2031 691 2096 ianuarias.
747 2048 803 2112 pro
841 2049 1034 2111 superuacuo
1069 2036 1150 2097 enim
1186 2034 1293 2100 habito

170 2160 310 2231 tempere
337 2148 420 2231 qued
449 2167 468 2213 a
494 2149 634 2215 kalendis
663 2147 714 2214 uel
739 2166 836 2229 usque
858 2150 898 2215 ad
918 2150 1066 2216 kalendae
1083 2158 1140 2229 est,
1164 2151 1293 2232 perinde

117 2293 157 2342 10.
168 2267 228 2332 erit
249 2267 415 2343 institutio,
439 2285 475 2331 ac
497 2269 523 2331 si
542 2286 620 2349 pure
636 2273 720 2331 esset
734 2267 826 2333 iacta.
857 2267 906 2330 10.
928 2268 1054 2334 Institni
1070 2269 1224 2350 quendam
1241 2270 1293 2335 he·
1313 2289 1343 2338 15

168 2388 274 2452 nedem
291 2389 348 2454 sub
365 2389 543 2453 condicione
557 2388 751 2469 impossibili,
767 2389 825 2454 hec
841 2389 945 2454 modo:
969 2389 1040 2454 ille
1063 2390 1156 2455 mihi
1179 2391 1292 2457 lueres

168 2514 258 2573 este
281 2508 312 2572 si
335 2526 435 2574 mare
457 2507 645 2587 ebiberit,
668 2510 719 2574 uel
734 2509 858 2574 cuidam
873 2507 1136 2590 legatumfideiue
1152 2511 1292 2574 commis

168 2647 237 2692 snm
261 2627 320 2692 snb
343 2607 493 2693 eiusmodi
517 2628 697 2693 condicione
712 2629 832 2711 reliqui,
855 2627 905 2693 uel
920 2646 1013 2695 seruo
1026 2628 1212 2694 libertatem.
1241 2630 1291 2696 de·

167 2753 270 2813 traete
292 2747 374 2812 enim
396 2747 582 2827 inpossitiii
605 2749 800 2824 condicione,
830 2767 912 2830 quae
940 2769 996 2814 nec
1018 2769 1075 2832 pre
1102 2752 1219 2834 scripta
1241 2751 1293 2816 ha·

117 2867 271 2942 nudetur,
294 2883 374 2945 pura
397 2864 575 2932 efficiuntur
597 2884 678 2947 quae
708 2866 816 2934 heredi
844 2867 953 2934 relicta
983 2875 1065 2935 sunt.
1112 2873 1161 2932 11.
1196 2871 1292 2936 Here·
1309 2883 1344 2934 m

170 2987 240 3048 dem
264 2984 421 3068 quendam
444 2987 502 3050 sub
526 2985 669 3066 pluribus
699 2987 931 3053 conditionibus
953 2988 1085 3054 institui.
1131 2991 1293 3071 quaeritur

169 3123 209 3168 en
232 3104 460 3184 expectandum
482 3107 524 3170 sit
546 3106 643 3172 denec
667 3125 774 3172 omnes
803 3109 866 3173 sint
895 3109 1049 3190 impletae.
1101 3114 1133 3174 et
1162 3107 1292 3173 didimus

169 3222 344 3302 siquidem
373 3225 563 3292 coniunctim
593 3227 728 3306 scriptae
758 3235 832 3292 sunt
861 3227 938 3309 (diui
968 3230 1063 3292 euim:
1094 3227 1166 3291 ille
1195 3226 1292 3290 milui

169 3342 286 3408 neres
309 3350 399 3410 este
421 3345 457 3408 si
482 3344 520 3409 in
545 3345 788 3426 capitolium
816 3347 1074 3414 adscenderit
1106 3353 1145 3410 et
1173 3347 1207 3410 si
1234 3363 1292 3411 nu·

168 3461 227 3525 uis
255 3479 299 3528 ex
322 3463 415 3528 Asia
444 3466 605 3530 uenerit
631 3473 671 3531 et
700 3468 730 3528 si
759 3464 829 3530 ille
857 3467 999 3532 consul
1027 3465 1156 3531 iactus
1186 3464 1344 3547 erit)‚25

169 3587 314 3662 apertus
330 3583 465 3647 omnium
482 3589 646 3664 expectere
662 3592 809 3650 euentum
819 3607 834 3664 ;¹
849 3585 898 3648 siu
919 3593 1028 3650 autem.
1047 3584 1220 3667 separatim
1240 3602 1293 3651 eas
