3096 4890
717 412 930 474 ..17-

263 593 329 658 ἐστι
361 595 397 658 τὸ
432 594 564 678 ἐρωτᾶν.
572 595 598 679 ¹)
657 593 748 661 αὗται
780 595 818 661 δὲ
847 598 879 660 αἱ
913 596 1087 662 εθυλοηθίῆἰ
1113 595 1194 680 καθ’)
1224 595 1394 681 opinione&

262 696 377 783 ταύτην
400 694 493 784 ἔσχον
514 698 570 784 τήν
593 696 758 764 αθθεντίαν
781 690 863 774 ὥςτε
884 699 929 785 μή
952 696 1031 787 ἔχειν
1054 699 1229 786 παρρησίαν
1246 698 1390 786 δικαστήν

161 803 162 806 ’
262 803 329 874 ταῖς
350 796 485 883 αὐτῶνθ)
514 797 655 864 ἀπειθεῖν
687 800 901 882 ἀποκρίσεσιν,
931 792 1038 884 α’ίςπερ
1066 802 1115 864 καὶ
1139 799 1300 884 βασιλέως
1324 801 1394 888 βοᾷ

262 899 444 985 θιάταξιςθ).
487 903 537 965 καλ
559 901 593 965 έν
616 901 736 978 τούτοις
755 902 814 985 μέν
836 901 941 989 ἐστιή
968 900 1130 988 ἔγγραφος
1160 901 1328 986 νομοθεσία
1355 904 1390 968 ἐν

227 1005 327 1079 ὁτοῖς
349 1001 408 1066 ὑπὸ
431 1003 484 1067 τοῦ
493 1003 519 1086 ⁶)
541 1003 644 1088 δήμου
666 1001 801 1068 τεθεῖσιν
822 1002 843 1090 ή
859 1003 993 1092 χυθαίου
1016 1004 1155 1092 θήμουί)
1177 1003 1197 1092 ή
1216 1004 1388 1093 συγκλήτου

261 1103 281 1192 ή
302 1103 460 1188 βασιλέως
489 1104 510 1191 ἢ
533 1105 695 1195 ἀρχόντων
716 1111 774 1193 τῆς
792 1107 907 1193 ῥώμης
928 1105 948 1192 ἢ
972 1111 1027 1195 τῆς
1048 1109 1112 1171 τῶν
1134 1110 1246 1192 σοφῶν
1262 1107 1390 1192 ἀποκρί-

261 1227 354 1281 σεως.
402 1207 450 1272 10.
468 1201 623 1292 Ἅγραφος
645 1205 682 1270 θὲ
704 1206 799 1292 νόμος
819 1206 901 1271 ἐστίν
923 1207 1037 1292 θπερί)
1059 1205 1210 1297 ήγρονία
1233 1206 1386 1294 συνήθεια
1397 1221 1439 1274 10.

261 1306 433 1372 ουναινέοει
454 1311 518 1371 τῶν
539 1307 712 1396 γρωμένων
740 1307 919 1392 ἐβεβαίωσε
949 1309 998 1371 καί
1024 1307 1070 1382 είς
1094 1307 1222 1394 μίμησιν
1250 1308 1389 1396 ἀνήγαγε

261 1412 315 1473 τοῦ
343 1408 506 1496 ἐγγράφου
529 1410 635 1494 νόμου.
680 1407 999 1498 θ)11.ἰίνεπιλήπως
1027 1408 1082 1474 οὖν
1105 1408 1219 1494 εἴποιθ)
1243 1410 1318 1492 τιςθ)
1341 1411 1389 1487 ιίς
1399 1426 1439 1478 11.

211 1517 244 1569 10
261 1511 319 1576 δύο
353 1509 419 1598 είθη
448 1512 595 1594 mbram)
622 1512 677 1598 τήν
708 1511 859 1597 πολιτικήν
889 1509 1078 1596 διαιρεῖσθαι
1107 1510 1314 1593 νομοθεσίαν·
1343 1513 1388 1588 είς

261 1611 421 1699 ἔγγραφον
445 1612 539 1694 νόμον
562 1611 611 1674 καλ
631 1611 786 1696 άγραφον.
823 1611 904 1699 ήθὲ
927 1612 1044 1676 τούτων
1067 1612 1268 1701 θρχαιογονία
1290 1612 1325 1676 ἐκ
1346 1612 1387 1676 θι-

261 1714 432 1790 θαοκαλίας
452 1718 516 1778 τῶν
538 1713 596 1776 δύο
620 1713 741 1777 πόλεων
764 1711 892 1798 ἀθηνῶν
914 1737 995 1801 φημι
1015 1715 1065 1778 καὶ
1085 1713 1312 1796 λακειλαίμονος
1331 1737 1386 1779 κα·

260 1821 435 1903 ταρρυήναι
457 1817 551 1880 δοκεῖ.
601 1815 635 1879 ἐν
661 1815 722 1901 γὰρ
753 1815 878 1890 τούτοις
906 1817 973 1892 ταῖς
1002 1815 1126 1879 πόλεσιν
1157 1814 1265 1881 είώθει
1295 1818 1388 1902 πράτ·

261 1917 372 1983 τεσθαι
395 1921 492 1982 ταῦτα
513 1918 566 1982 καί
587 1920 720 2001 κρατεῖν,
744 1905 824 1989 θίςτε
846 1916 1102 2000 λακεθαιμονίους
1112 1917 1171 2002 μὲν
1184 1919 1293 2005 μνήμη
1316 1918 1389 1993 τοὺς

212 2021 244 2072 15
262 2020 393 2095 οἰκείους
416 2019 532 2104 νόμους
550 2018 777 2104 διαφυλάττειν,
800 2016 973 2106 ἀθηναίους
986 2017 1024 2081 δὲ
1037 2017 1173 2093 ἐκείνους
1188 2023 1276 2104 τιμᾶν
1291 2020 1388 2096 ὅσους

261 2123 297 2189 έν
318 2123 499 2207 γράμμασιν
521 2120 623 2185 ίσασιν
649 2114 745 2194 ὄντας
767 2120 816 2183 καί
845 2117 978 2196 τούτους
1005 2121 1180 2202 φυλάττειν.
1230 2121 1282 2186 12.
1310 2119 1438 2184 dum

260 2327 358 2414 τέρας
380 2325 553 2414 εὑρεθέντα
576 2323 734 2412 προνοίας,
756 2323 834 2388 ὅθεν
864 2324 898 2387 τὸ
927 2323 1062 2406 βέβαιον
1089 2325 1138 2388 καὶ
1166 2323 1389 2412 ἀμετακίνητον

194 2517 195 2522 ¹
263 2429 336 2520 ἔχει.
380 2429 443 2493 θσα
466 2429 502 2494 ιλέ
525 2427 605 2493 ἐστιν
626 2425 859 2510 iuriseiussiass)
883 2425 1041 2491 τουτέστιν
1063 2427 1145 2510 άπερ
1168 2428 1286 2520 ἑκάστη
1302 2426 1390 2502 πόλις

210 2545 247 2598 20
265 2532 494 2621 ἐνομοθέτησεν
520 2533 617 2618 ἑαυτῇ
646 2528 839 2616 ἀμείβεσθαι
870 2530 1012 2605 πολλάκις
1041 2527 1155 2594 εἴωθεν
1185 2528 1207 2616 ἦ
1240 2531 1391 2617 σιωπηρᾷ
1448 2535 1449 2540 ’

264 2637 318 2698 τοῦ
341 2634 444 2723 δήμου
466 2633 638 2700 συναινέσει
659 2631 681 2720 ἢ
702 2632 855 2716 δευτέρου
877 2630 974 2717 νόμου
995 2630 1095 2696 θέσει.

726 2920 928 2934 ψ

502 3173 552 3240 De
572 3172 643 3238 iure
663 3190 882 3256 personarum.
927 3169 1052 3236 Titulus
1073 3170 1103 3235 3.
1114 3170 1154 3253 ¹⁸)

351 3326 501 3402 Είπιίντες
520 3328 550 3388 τί
571 3322 638 3390 ἐστι
658 3322 891 3409 θικαιοσύνη,“)
914 3323 963 3386 καὶ
991 3321 1045 3410 τήν
1059 3329 1061 3332 ’
1073 3322 1195 3409 γενικὴν
1217 3320 1395 3398 διεξελθόν-

335 3500 360 3567 1)
376 3497 446 3566 ἐπερ
462 3495 495 3549 Ρ.
598 3492 622 3564 ²)
640 3492 668 3545 σί
686 3491 748 3548 add.
764 3491 796 3548 P.
904 3490 928 3559 θ)
946 3490 1086 3554 τοιαύταις
1095 3491 1126 3545 Ρ.
1228 3491 1254 3558 ⁴)
1272 3492 1295 3544 δ.
1313 3490 1343 3558 β.
1362 3489 1395 3546 P.

267 3587 292 3656 ⁸)
310 3583 336 3638 d.
353 3583 383 3638 P.
485 3582 510 3648 ⁶)
528 3580 553 3632 δ.
568 3597 596 3650 χ.
615 3578 648 3633 P.
748 3577 773 3643 ⁷)
791 3575 824 3628 ὃν
842 3575 872 3631 P.
975 3576 999 3642 8)
1017 3573 1081 3647 εἴπῃ
1099 3577 1131 3631 Ρ.
1233 3577 1316 3647 9)θτι
1333 3576 1396 3632 add.

269 3670 299 3725 P.
406 3663 612 3737 1⁰)rau'rqu.
634 3663 668 3718 R,
779 3662 817 3727 11)
832 3660 884 3714 L1.
901 3659 952 3714 11².
970 3661 1149 3730 ίουριςγέντια
1170 3661 1201 3716 P.
1240 3660 1307 3716 iuris
1331 3675 1396 3730 gen·

268 3755 337 3810 tium
354 3754 386 3809 F.
404 3753 438 3808 R.
550 3750 588 3818 1²)
607 3747 727 3806 1.1.1.².
746 3745 934 3816 ιουριικιβιλες
951 3747 982 3801 Ρ.
1016 3745 1078 3801 iura
1094 3745 1187 3802 οἰυιίὶο
1204 3746 1236 3802 F.
1254 3747 1297 3801 ius
1315 3745 1397 3802 ciuile

269 3839 302 3896 R.
421 3839 458 3905 1³)
476 3836 542 3904 περί
561 3834 646 3900 νόμον
662 3836 840 3903 προσωπικοῢ
858 3833 889 3897 Ρ,
907 3847 976 3902 quae
993 3838 1058 3887 cett.
1076 3831 1187 3888 addunt.
1230 3832 1284 3887 Hic
1300 3832 1398 3887 titulus

271 3933 302 3982 ut
318 3926 358 3979 111
375 3927 441 3992 (non
457 3922 496 3987 Π)
514 3921 576 3975 libri
594 3920 608 3973 l
625 3920 726 3975 citatur
742 3919 771 3973 in
789 3918 872 3974 schol.
893 3921 925 3974 16
942 3918 984 3974 tit.
1002 3919 1017 3973 I
1035 3919 1109 3988 Epit.
1129 3949 1161 3959 -
1300 3920 1337 3986 1⁴)
1353 3919 1398 3973 ὅτι

272 4009 428 4078 δικαιοσύνη
447 4007 508 4060 ἐστί
524 4004 652 4076 στσθηρθ
673 4004 718 4057 καί
740 4005 865 4074 διηνεκὴς
884 4002 1016 4075 βούλησις
1034 4004 1143 4075 ἑκάστῳ
1161 4005 1194 4060 τὸ
1213 4001 1281 4058 ἴδιον
1301 4004 1397 4058 ἀπονέ-

271 4113 362 4162 μουσα
378 4095 479 4148 δίκαιον
497 4092 520 4147 Ρ
538 4091 589 4146 iul.

339 4179 551 4250 amam
