2990 4884
669 402 898 467 ..100-

225 592 393 676 γινομένων
422 591 469 654 ἐπὶ
498 591 607 677 βλάβη
642 594 696 653 τοῦ
729 589 975 655 usufructuaria.
1029 591 1087 654 Καὶ
1119 590 1151 654 ἐν
1187 590 1347 674 ἀλλοτρίῳ

227 697 311 780 τόπῳ
333 698 570 783 συγχωροῦντος
592 699 644 758 τοῦ
668 696 822 758 δεσπότου
845 695 946 768 ἔξεστι
968 696 1111 780 λείψανον
1134 695 1349 761 ἀποτίθεσθαι

226 801 274 863 καὶ
306 798 469 882 religiosos
503 799 520 861 ό
552 797 647 872 τόπος
675 799 881 862 ἀποτελεῖται·
897 800 936 861 -εί
965 799 1000 861 δὲ
1028 802 1075 864 καί
1106 799 1191 882 παρὰ
1218 799 1347 882 γνώμην

226 901 372 980 ἀπέθετο,
393 901 507 987 μαθὼν
531 899 566 963 δὲ
585 901 666 984 μετὰ
693 905 792 963 ταῦτα
800 902 824 980 ¹)
855 901 958 985 κόριον
980 902 1115 988 ἡγήσατο
1139 905 1173 964 τδ
1204 898 1347 988 πραχθὲν

176 1007 243 1096 ’ὅθ
266 1005 428 1090 δεσπότης,
454 1005 501 1066 καὶ
527 1002 627 1076 οὕτως
656 1003 769 1083 γίνεται
795 1001 959 1085 religiosos
987 1004 1005 1064 ό
1035 1003 1135 1076 τόπος.
1183 1003 1232 1067 10.
1272 1002 1345 1083 Τὰ’)
1359 1016 1401 1066 10.

224 1107 334 1173 sfincta
362 1111 543 1192 πράγματα,
573 1106 637 1171 οἷον
661 1106 743 1194 τείχη
771 1106 870 1182 πύλαι,
900 1106 1013 1190 τρόπον
1043 1106 1107 1168 τινὰ
1140 1104 1239 1169 diuini
1266 1104 1347 1168 iuris

225 1211 289 1274 ἐστὶ
317 1211 364 1274 καὶ
393 1209 554 1272 διότοότο
579 1207 634 1271 ὑπ’
666 1208 794 1282 οὐδενός
820 1207 1011 1280 δεσπόζετυι.
1021 1207 1046 1287 ⁸)
1098 1207 1148 1270 διὰ
1177 1211 1266 1270 τοῦτο
1295 1209 1348 1269 καί

225 1315 262 1377 τὰ
290 1313 372 1401 τείχη
405 1313 570 1398 είρήκομεν
594 1310 714 1387 Βίευυλα,
739 1310 843 1396 ἐπειδὴ
873 1312 1020 1396 κεφαλιιη
1052 1311 1183 1394 ὥρισται
1213 1309 1346 1394 τιμωρία

226 1418 292 1478 κατ’
316 1414 452 1492 ἐκείνων,
476 1413 582 1486 οίτωές
604 1435 632 1474 τι
655 1414 731 1476 κατὰ
754 1417 815 1475 τῶν
839 1417 947 1500 τειχῶν
975 1414 1129 1498 ἥμαρτον,
1165 1412 1229 1475 οἷον
1258 1409 1345 1476 λίθον

176 1531 207 1582 10
224 1519 376 1600 λαβόντες
398 1515 416 1602 ί]
440 1517 487 1579 καί
509 1516 713 1599 όπωςδήποτε
740 1514 918 1598 βλάψαντες
948 1519 980 1579 τδ
1010 1521 1119 1603 τεῖχος.
1165 1505 1264 1578 Ὅθεν
1293 1513 1345 1586 κά,-

223 1625 307 1684 κεῖνα
330 1621 366 1682 τὰ
386 1619 469 1704 μέρη
493 1622 554 1680 τῶν
570 1619 682 1701 νόμων,
705 1617 738 1680 ἐν
760 1617 806 1691 οἷς
825 1618 955 1702 μέρεσιν
977 1620 1008 1681 αῖ
1031 1619 1173 1702 τιμωρίαι
1195 1618 1271 1680 ελσιν
1293 1615 1344 1696 ἐγ·

223 1720 466 1806 γεγραμμέναιί)
488 1721 565 1783 κατὰ
587 1724 647 1781 τῶν
665 1719 907 1802 ἐναντιουμένων
932 1723 994 1795 τοῖς
1018 1720 1134 1804 νόμοις,
1158 1718 1344 1784 sanctionas

224 1825 385 1904 καλοῦμεν.
433 1823 570 1902 λέγονται
594 1821 629 1884 δὲ
652 1823 700 1883 καὶ
721 1819 865 1883 ἐντεῦθεν
888 1805 1007 1903 sanda,
1036 1822 1160 1886 sancire
1189 1822 1248 1906 γὰρ
1278 1819 1346 1884 ἐστι

176 1673 180 1704 ί

223 1930 258 1991 τό
287 1927 436 2013 ὀχυροῦν·
474 1923 612 2010 ἐπειδὴὸ)
643 1919 698 1986 οὖν
729 1923 929 2007 ἀσφαλίζεται
958 1923 1072 2010 ημᾶςό)
1103 1923 1140 1986 τὰ
1167 1923 1266 2011 τείχη,
1293 1924 1347 1985 διὰ

175 2042 206 2092 15
223 2033 314 2094 τοῦτο
348 2027 460 2092 sancta
490 2027 764 2110 προσαγορεύεται.
816 2027 947 2089 δυνατόν
977 2026 1013 2088 δὲ
1041 2027 1090 2089 καῖ
1114 2023 1251 2112 μυθώδη
1278 2027 1347 2089 τινὰ

223 2132 320 2196 αἰτίαν
350 2129 520 2194 ἀποδοῦναι
540 2129 596 2216 τῆς
624 2129 849 2214 προσηγορίας·
872 2131 947 2213 φασί
969 2129 1029 2210 γὰρ
1053 2129 1146 2192 πάλαι
1159 2128 1233 2203 τοδς
1247 2129 1348 2204 θεοὺς

176 2289 179 2304 ,
223 2237 357 2299 συνεῖναι
380 2233 444 2309 τοῖς
465 2230 646 2318 ἀνθρώποις
668 2233 716 2294 καὶ
738 2231 892 2312 ἀβλαβεῖς
921 2231 1034 2307 αδτοδς
1062 2231 1256 2318 πανταχόθεν
1281 2233 1346 2296 δια·

223 2339 397 2422 φυλάττειν,
419 2338 473 2397 τοῦ
496 2335 531 2399 δὲ
551 2335 666 2422 χρόνου
697 2327 860 2419 προϊόντος
889 2335 1097 2415 καταγνόντας
1127 2339 1188 2398 τῶν
1218 2334 1345 2417 ἀνθρώ-

223 2465 289 2506 πων
312 2443 470 2506 ἀπολιπεῖν
492 2438 620 2513 αότοός·
648 2441 676 2500 οῖ
708 2438 806 2502 τοίνυν
834 2438 997 2522 ἄνθρωποι
1028 2444 1082 2528 τῆς
1112 2440 1237 2504 ἐκείνων
1266 2438 1345 2524 βοη-

73 2572 75 2578 ’
171 2566 207 2616 20
224 2544 312 2620 θείας
341 2541 562 2630 ἐρημωθέντες
590 2542 669 2625 πρὸς
695 2540 820 2627 μίμησιν
858 2545 911 2628 τῆς
947 2542 1067 2607 ἐκεῖθεν
1102 2544 1243 2628 φυλακῆς
1276 2540 1346 2602 ἐπε-

224 2647 339 2733 νόησαν
360 2646 399 2709 τὰ
421 2646 520 2732 τείχη·
544 2643 680 2729 ἐπειδὴί)
704 2641 758 2705 οὖν
780 2643 912 2709 εόυαίοα
927 2644 993 2708 ἐστὶ
1008 2647 1042 2708 τδ
1057 2644 1162 2727 τίμιον,
1185 2644 1236 2706 διὰ
1253 2643 1346 2705 τοῦτο

224 2751 269 2824 ὡς
290 2749 334 2822 εἷς
356 2748 472 2828 τάξινθ)
495 2751 556 2809 τῶν
577 2747 769 2821 τιμιωτάτων
800 2746 1003 2833 ἐπινοηθέντα
1032 2748 1069 2810 τὰ
1098 2746 1180 2835 τείχη
1213 2748 1263 2809 καὶ
1288 2744 1349 2819 τὰς

176 2871 181 2904 ι·
224 2850 322 2926 πύλας
352 2850 519 2932 ὠνόμασαν
551 2847 672 2914 sancta„
729 2853 782 2912 11.
823 2849 967 2934 Είπωμεν
1005 2850 1143 2932 λοιπδν9)
1177 2849 1248 2933 περὶ
1282 2851 1346 2912 τῶν
1359 2847 1399 2897 ll·

224 2954 425 3037 πραγμάτων,
448 2952 536 3014 ἅτινα
557 2950 749 3036 ἀναφέρεται
772 2950 830 3014 δπδ
851 2953 907 3039 τὴν
929 2951 1114 3030 δεσποτείαν
1136 2955 1191 3016 τοῦ
1214 2949 1348 3014 ιαθέκα-

171 3074 207 3126 25
224 3077 296 3119 στου
325 3053 497 3137 ἀνθρώπου
506 3053 553 3133 ¹⁰).
604 3055 702 3117 ταῦτα
731 3051 767 3115 δὲ
799 3054 921 3127 πολλοῖς
946 3054 1073 3139 τρόποις
1102 3057 1157 3140 τῆς
1186 3052 1347 3139 ἡμετέρας

223 3159 337 3240 γίνεται
360 3153 551 3238 περιουσίας·
581 3158 672 3218 τινῶν
697 3154 800 3238 μὲνΠ)
829 3156 1021 3238 πραγμάτων
1050 3137 1203 3242 γινόμεθα
1233 3154 1347 3218 δεσπό-

224 3284 272 3324 ται
294 3260 417 3345 φυσικῷ
439 3256 558 3341 νομίμῳ
581 3257 683 3342 (όπερ,
708 3255 790 3320 καθὰ
812 3255 947 3342 εἴρηται,
976 3255 1228 3340 iurisg6nfion¹')
1253 3279 1365 3344 προς-χ

223 3359 435 3447 αγορεόεται),
470 3363 560 3422 τινῶν
587 3358 623 3421 δὲ
651 3357 777 3443 ἀκριβεῖ
809 3358 857 3422 καλ
885 3359 1029 3444 πολιτικῷ
1058 3356 1155 3441 λόγῳ,
1185 3356 1346 3422 τουτέστι·

222 3466 269 3550 τῷ
295 3463 383 3548 λδικῷ
414 3466 474 3526 τῶν
498 3456 673 3543 Ῥωμαίων.
725 3454 807 3524 Ἔστι
837 3461 873 3524 δὲ
902 3460 1156 3542 λυσιτελέστερον
1191 3460 1253 3524 ἀπὸ
1279 3464 1344 3524 τῶν

221 3638 426 3650 ———-

290 3739 314 3804 1)
329 3738 426 3801 μαθὼν
445 3736 476 3790 δὲ
494 3740 574 3790 τοῦτο
591 3735 634 3790 vi.
650 3735 684 3792 R.
791 3734 864 3801 1)δὲ
884 3731 945 3788 αδδ.
963 3732 1006 3787 Vi.
1025 3731 1056 3785 F.
1193 3731 1278 3800 ⁸)1al
1297 3731 1346 3785 ὑπ’

222 3822 281 3875 οὐδ.
299 3821 413 3876 δόνατατ
430 3822 538 3883 δεσπόζ.
558 3822 600 3877 Vi.
620 3821 653 3876 R.
783 3821 807 3886 4)
823 3836 902 3888 γεγρ.
919 3818 971 3873 Ιιῑ.
989 3817 1040 3872 12².
1058 3817 1091 3872 F.
1109 3817 1138 3870 αἱ
1154 3833 1233 3886 γεγρ.
1251 3815 1296 3870 Vi.
1312 3815 1346 3871 R.

223 3908 248 3977 ὅ)
263 3907 323 3958 ἐπεὶ
342 3906 383 3959 vi.
400 3905 434 3961 R.
535 3907 559 3971 ⁶)
577 3906 654 3968 -μῒν
672 3904 724 3959 Ll.
741 3903 783 3957 de.
801 3904 853 3958 11⁹.
958 3905 981 3970 ⁷)
999 3903 1059 3956 ἐπεὶ
1076 3901 1118 3957 Vi.
1136 3901 1170 3956 R.
1273 3901 1298 3968 8)
1314 3900 1345 3952 ἐν

222 3991 303 4051 τάξει
321 3989 364 4044 Vi.
382 3989 417 4045 R.
569 3992 592 4057 ⁹)
609 3990 653 4044 καί
670 3989 731 4044 add.
749 3988 793 4045 Vi.
812 3989 846 4045 R.
994 3989 1030 4057 1⁰)
1048 3990 1101 4041 τῶν
1122 4015 1154 4028 ·-
1172 4004 1230 4038 πων
1250 3984 1293 4039 vi.
1311 3985 1346 4040 R.

222 4079 259 4146 11)
276 4077 332 4145 γὰρ
349 4076 410 4131 εδδ.
429 4074 471 4133 Vi.
489 4076 522 4131 R
678 4074 713 4143 1θ)
730 4073 772 4129 ius
790 4075 910 4142 gentium
929 4072 970 4126 vi.
989 4072 1020 4129 F.
1039 4071 1071 4127 B.
1090 4071 1277 4140 iurisgentium
1295 4069 1346 4124 Ll.

222 4160 286 4217 Ista
304 4167 385 4215 antea
404 4163 476 4232 νόμῳ
494 4161 536 4215 Vi.
555 4160 588 4215 R.

1488 1196 1492 1209 0
