3096 4890
611 401 821 466 „23-

154 591 249 660 alium
271 587 445 670 quamlibet
465 589 608 656 ultimum
631 589 835 658 uoluntatem.
869 594 921 656 set
942 593 976 654 et
995 586 1066 654 aliis
1090 586 1199 655 moitis
1220 605 1284 654 mo

155 709 205 774 dis
227 709 359 774 libertas
381 708 450 774 dari
465 714 596 791 potest,
626 710 680 792 qui
706 709 822 790 partim
852 726 890 774 ex
912 707 1084 786 ueteribus,
1107 707 1222 790 purtim
1244 726 1284 774 ex

111 832 139 883 2·
155 826 309 911 principis
332 827 432 893 nostri
454 827 732 894 constitutionibus
755 833 830 894 sunt
854 825 1039 893 introducti.
1083 825 1113 890 2.
1136 825 1283 892 Libertas

153 951 262 1012 autern
285 947 387 1012 seruis
409 947 494 1012 omni
516 957 656 1030 tempore
677 946 738 1011 rite
766 945 877 1024 datur,
905 961 967 1009 non
995 944 1096 1010 solum
1124 959 1195 1010 cum
1218 962 1283 1011 mo·

153 1066 308 1147 gistratus
320 1065 353 1130 in
368 1065 518 1132 tribunali
533 1064 593 1147 sit;
614 1065 689 1132 licet
703 1063 786 1132 enim
801 1082 872 1130 eum
887 1068 1102 1128 monseuntom
1116 1063 1205 1129 adire
1219 1082 1284 1130 ma·
1317 1057 1335 1110 ⁶

154 1185 342 1263 admissum,
364 1184 463 1250 ueluti
483 1202 554 1249 cunr
575 1189 703 1265 praetor
725 1182 843 1248 Romae
865 1187 921 1248 out
935 1179 1105 1263 proconsul
1127 1182 1179 1248 uel
1194 1200 1284 1264 prae·

154 1319 210 1368 scmw
230 1298 418 1384 prouinciae
436 1303 467 1367 in
497 1303 665 1384 provinciis
691 1300 725 1368 in
755 1301 903 1367 balneum
932 1301 983 1367 uel
1012 1299 1172 1366 theatrum
1199 1305 1282 1380 eant.

154 1423 209 1490 uei
231 1422 374 1504 publicas
394 1421 488 1488 aedes
510 1428 634 1503 petant,
657 1422 709 1488 uel
731 1420 856 1488 demum
886 1437 1085 1502 quacumque
1106 1418 1283 1485 rationein

109 1559 138 1612 a.
154 1541 281 1624 publico
303 1548 480 1608 uersentur.
524 1541 554 1605 3.
578 1540 812 1606 libertinorum
835 1544 942 1606 nutem
970 1543 1076 1605 status
1104 1537 1285 1620 tripertitus

154 1660 272 1727 fuerat.
316 1665 410 1727 antea
432 1661 514 1726 enim
536 1662 590 1743 qui
613 1659 934 1738 manumittebantur,
958 1659 1050 1724 modo
1076 1657 1227 1724 maiorem
1250 1661 1283 1722 et
1302 1657 1335 1710 1⁰

154 1781 273 1844 iustam
300 1778 479 1845 libertatem
513 1779 786 1860 consequebantur
822 1782 855 1843 et
886 1775 1005 1843 fiebant
1037 1775 1124 1842 ciues
1151 1775 1283 1854 romani,

155 1897 250 1964 modo
277 1895 429 1964 minorem
456 1903 490 1963 et
515 1896 604 1963 latini
632 1897 752 1962 iunioni
782 1893 999 1962 efficiebantur
1027 1895 1161 1978 exlege
1190 1893 1284 1962 Iunia

155 2014 320 2090 Norbana,
349 2033 429 2097 quae
458 2013 612 2082 eiusmodi
639 2014 853 2081 condicionem
880 2012 1064 2080 introduxit
1116 2011 1283 2080 dediticios

156 2139 265 2200 autem
288 2132 479 2214 excogitauit
500 2132 551 2199 lex
572 2131 663 2199 Aelia
685 2132 804 2199 Sentio.
844 2133 891 2198 eit
912 2133 1012 2200 enim:
1042 2132 1162 2215 siquis
1183 2131 1284 2198 serui·

156 2251 237 2318 tutis
258 2257 399 2335 ternpore
421 2252 454 2318 in
475 2252 612 2332 aliquam
633 2252 880 2335 turpitudinem,
903 2269 997 2334 quam
1026 2250 1097 2333 ipsa
1118 2252 1335 2317 recensus-15

155 2371 209 2450 rit,
231 2369 387 2452 inciderit¹
410 2371 510 2436 ueluti
538 2371 565 2437 si
593 2370 643 2437 cui
672 2371 820 2453 stigmata
849 2376 980 2454 propter
1005 2369 1143 2452 aliquam
1171 2385 1284 2436 noxam

155 2489 253 2556 fronti
286 2489 438 2572 inscripta
467 2490 547 2570 sint,
582 2488 634 2555 nel
659 2490 691 2556 in
719 2488 875 2572 publicam
909 2489 1083 2556 custodiam
1109 2487 1182 2571 quis
1214 2505 1284 2553 con·

155 2608 259 2674 iectus
280 2605 333 2686 sit,
355 2608 407 2674 uel
429 2607 457 2672 si
473 2608 512 2674 de
526 2606 632 2689 aliquo
647 2607 791 2689 quaestio
814 2608 977 2674 tormentis
998 2606 1108 2674 habita
1120 2606 1171 2686 sit,
1193 2605 1285 2688 isque

155 2743 271 2795 noxam
293 2727 336 2792 sit
365 2725 541 2806 confessus,
571 2745 609 2794 ac
630 2732 740 2808 postca
765 2727 797 2792 in
827 2727 963 2809 gratiam
989 2725 1115 2793 domino
1142 2724 1283 2806 redierit,

156 2843 340 2911 dediticium
354 2844 437 2910 hunc
454 2842 524 2910 ficri
538 2843 730 2924 libertinum,
753 2845 794 2911 nd
810 2844 1029 2912 dediticiorum
1044 2845 1283 2929 peregrinorum
1300 2847 1336 2900 2⁰

156 2963 402 3030 similitudinem.
433 2965 591 3047 quondam
606 2966 689 3030 onim
703 2964 831 3046 quidum
847 2964 1086 3048 peregrinorum
1101 2964 1157 3048 qui
1177 2964 1211 3029 in
1232 2983 1285 3031 ro·

156 3100 323 3149 manorum
345 3081 469 3148 dicione
492 3088 598 3160 erant,
628 3081 751 3148 infestis
780 3081 893 3148 animis
922 3083 1076 3149 aduersus
1114 3099 1168 3148 eos
1196 3099 1284 3148 arma

155 3206 378 3284 susceperunt,
413 3220 491 3285 quos
524 3203 692 3284 pugnando
722 3203 845 3268 romani
872 3203 1025 3269 uicerunt
1075 3217 1284 3268 cumeorum

154 3319 374 3386 fortitudinem
397 3320 555 3403 peregrini
578 3322 735 3388 sustinere
757 3340 819 3387 non
846 3328 992 3406 possent,
1022 3319 1119 3388 armis
1141 3318 1283 3399 abiectis,

155 3438 233 3507 uicti
255 3457 326 3506 sese
354 3439 551 3506 dediderunt.
600 3441 714 3522 quibus
741 3441 874 3508 Romam
896 3439 1093 3508 clementiam
1122 3443 1281 3506 sectantes
1301 3447 1335 3503 to
