3038 4884
400 735 447 802 De
469 735 699 818 adoptionibus.
743 735 868 801 Titulus
894 737 943 799 ιι.

194 922 350 988 Nouimus
373 941 411 988 ex
434 921 649 1004 superioribus
678 923 726 988 ιιι
754 911 922 1002 potestatis
944 920 1035 988 nobis
1056 921 1088 986 in
1111 928 1236 988 nostroe

117 1039 225 1106 liberos
249 1047 438 1124 competere,
461 1042 515 1121 qui
539 1060 577 1107 ex
598 1041 690 1106 iustis
713 1040 832 1124 nuptiis
854 1039 944 1107 nobis
964 1039 1030 1106 nati
1046 1045 1128 1106 sunt
1155 1018 1236 1108 scire

117 1169 213 1227 autem
236 1169 362 1245 oportet
384 1163 513 1230 eandem
541 1169 730 1246 potestatem
757 1163 790 1229 ιι
818 1162 934 1230 ιιιιιοι
963 1178 1088 1245 qaoque
1116 1162 1237 1244 adopti-

117 1297 167 1345 uos
188 1281 369 1363 procedere.
392 1287 424 1346 et
446 1283 522 1361 quid
545 1287 596 1348 est
616 1280 764 1362 adoptio?
785 1286 875 1348 actus
889 1279 1048 1364 legitimus
1069 1281 1124 1363 qui
1145 1287 1237 1346 ιιιιι-

117 1415 175 1462 ιιι
197 1399 342 1464 imitatur
364 1400 396 1466 in
418 1397 555 1465 filiorum
579 1398 794 1482 [amissorum]
819 1399 965 1466 solatium
987 1399 1126 1465 inuenta.
1165 1416 1235 1465 cnm
1270 1414 1287 1466 ι

116 1516 190 1581 enim
216 1517 326 1583 liberis
353 1517 434 1583 forte
462 1534 619 1595 carerem,
650 1517 726 1601 quia
755 1518 882 1598 nuptias
912 1535 974 1583 non
1000 1515 1234 1594 contraxissem,

115 1644 165 1700 ant
185 1636 411 1701 contraxissem
434 1635 572 1721 quidem,
594 1655 655 1703 non
678 1655 754 1702 nero
777 1634 858 1702 filios
879 1636 1069 1716 habuissem,
1097 1643 1153 1702 aut
1181 1634 1235 1700 ha-

114 1754 245 1820 buissem
258 1756 395 1837 quidem,
411 1774 464 1821 eos
482 1774 556 1821 uero
572 1755 756 1833 amisissem,
768 1755 922 1821 eiusmodi
937 1761 1070 1822 naturae
1080 1753 1235 1821 detectum

115 1875 276 1939 autetiam
287 1875 496 1941 calamitatem
511 1893 581 1940 cnm
597 1875 695 1942 lenire
710 1874 836 1954 uellem,
850 1876 1006 1956 quendam
1022 1874 1235 1957 adoptandum

115 1994 277 2074 suscepim.
321 1994 406 2075 quod
428 2012 489 2059 non
512 1993 643 2077 perinde
665 1993 764 2077 accipi
787 1994 895 2072 debet,
925 2011 961 2059 ac
989 1993 1015 2056 si
1037 1991 1083 2056 illi
1111 1998 1234 2060 tantum
1255 2012 1287 2064 10

115 2111 261 2193 adoptare
289 2113 426 2194 possint,
455 2113 509 2195 qui
536 2113 653 2179 liberos
680 2131 743 2178 non
769 2112 923 2192 habeant3
956 2129 1028 2178 nam
1057 2111 1150 2178 etiam
1179 2109 1236 2193 qui

115 2227 225 2295 habent
248 2229 319 2296 sine
341 2230 565 2313 impedimento
587 2230 756 2313 accipient,
780 2231 872 2296 sicuti
894 2230 989 2296 etiam
1011 2229 1044 2294 in
1067 2227 1235 2311 superiori·

115 2347 168 2413 bus
189 2347 388 2431 propositum
411 2354 476 2426 est,
498 2367 568 2415 cum
591 2349 630 2415 de
658 2367 695 2414 eo
723 2365 799 2414 casn
825 2347 921 2414 locuti
947 2365 1073 2426 snmus,
1106 2346 1139 2412 ιι
1172 2363 1235 2426 quo

115 2468 178 2548 quis
206 2485 324 2533 nurum
353 2466 404 2532 uel
431 2485 581 2549 generum
610 2467 820 2550 adoptaturus
852 2475 947 2532 antea
973 2464 1071 2530 filium
1097 2463 1235 2531 filiamne

115 2587 309 2670 emancipare
343 2587 445 2653 debet.
502 2606 574 2652 nam
606 2588 640 2652 in
672 2606 709 2653 eo
738 2603 864 2670 qnoque
891 2605 984 2665 casu,
1015 2584 1075 2652 nisi
1105 2584 1235 2668 nuptiae
1256 2614 1286 2666 lo

114 2705 357 2784 intercederent,
387 2723 448 2772 non
477 2713 562 2773 esset
583 2725 641 2773 cur
667 2706 794 2790 adoptio
824 2707 1038 2788 impediretur.
1089 2709 1138 2771 set
1166 2702 1236 2773 ideo

115 2823 174 2889 dixi
196 2827 229 2891 in
254 2824 402 2890 solatium
425 2843 534 2891 eorum
556 2825 611 2908 qui
636 2824 745 2892 liberis
773 2830 918 2892 carerent
944 2823 1143 2906 adoptionem
1166 2841 1236 2890 esse

83 2959 100 3008 ι,
114 2942 334 3022 introductam,
358 2949 394 3008 ut
416 2944 446 3008 id
469 2945 552 3025 qnod
575 2944 759 3026 plerumque
778 2941 834 3008 fiat
848 2943 1055 3010 ostenderem.
1080 2945 1108 3006 l.
1132 2941 1236 3024 Adop-

115 3060 164 3139 tio,
187 3079 286 3144 qnam
308 3059 421 3128 Graeci
444 3059 601 3125 diederico
624 3068 752 3140 nocant,
782 3079 853 3126 cum
876 3059 1021 3144 generale
1049 3078 1162 3125 nomen
1184 3061 1234 3139 sit,

114 3179 143 3242 ιι
164 3180 245 3246 duas
269 3179 390 3260 species
413 3179 595 3259 deducitur,
620 3179 654 3245 in
684 3179 921 3262 adrogationem
950 3178 1071 3244 scilicet
1099 3175 1132 3243 et
1153 3196 1234 3260 quae
1252 3213 1287 3266 20

115 3300 237 3380 proprie
268 3299 396 3380 adoptio
429 3298 552 3363 dicitnr.
604 3300 742 3381 Adoptio
766 3304 882 3382 ¹antem
911 3297 1033 3364 duobus
1060 3296 1161 3365 modis
1188 3294 1233 3374 fit,

115 3422 167 3481 aut
187 3416 355 3498 principali
376 3416 541 3500 rescripto,
563 3422 620 3482 ιιι
641 3417 772 3501 imperio
795 3417 1045 3498 magistratuum.
1072 3415 1235 3499 principali

115 3536 265 3618 rescripto
287 3554 341 3602 eos
371 3554 465 3605 essue
492 3538 695 3621 adoptamus,
727 3536 782 3617 qui
812 3555 935 3623 quaeue
964 3536 1016 3603 sui
1044 3533 1121 3601 iuris
1149 3540 1233 3601 sunt.
