2990 4884
546 435 759 501 ..69-

247 725 295 792 De
315 724 459 808 legitime
479 725 687 808 adgnatorum
710 723 819 791 tutela.
865 721 987 789 Titutns
1012 725 1060 789 15.

180 914 324 979 Diximus
355 930 449 996 posse
479 916 626 996 parentes
656 910 778 985 liberis,
815 928 894 990 quos
921 910 953 975 in
980 915 1138 992 potestate
1163 909 1217 976 ha·

101 1033 199 1107 beant,
222 1040 358 1100 tutorem
381 1039 570 1101 testamento
592 1034 667 1100 darc
689 1033 764 1116 quid
786 1040 891 1099 autom
914 1033 941 1098 si
964 1032 1218 1099 testamentarius

101 1158 183 1218 tutor
209 1171 271 1219 non
296 1152 403 1220 extet?
424 1159 480 1220 aut
495 1153 577 1220 enim
592 1162 683 1235 pater
703 1153 872 1218 intestatus
888 1150 1031 1229 decessit,
1053 1157 1108 1217 aut
1124 1156 1219 1217 tosta·

101 1275 147 1336 tus
169 1279 219 1338 est
241 1273 366 1353 quidem
388 1280 439 1340 set
459 1271 577 1339 obiitus
599 1281 648 1338 est
670 1280 857 1338 testamento
885 1277 1021 1337 tutorem
1044 1270 1133 1348 dare,
1163 1275 1218 1336 aut

101 1388 151 1468 qui
173 1391 268 1456 datus
291 1396 340 1457 est
366 1397 461 1458 antea
489 1392 631 1459 decessit.
682 1391 753 1475 quis
780 1391 915 1458 filiorum
945 1399 1032 1457 tutor
1060 1387 1140 1456 erit?
1166 1389 1217 1456 lex
1251 1401 1268 1452 o

69 1535 86 1583 1,
100 1507 157 1574 XII
178 1511 357 1576 tabularum
381 1510 430 1577 eis
451 1511 604 1594 adgnatos
628 1518 749 1576 tutores
771 1509 836 1575 dat.
874 1513 901 1574 1.
935 1509 996 1590 Qui
1018 1515 1092 1576 sunt
1113 1516 1216 1576 autem

100 1629 249 1712 adgnati?
270 1630 348 1696 haec
370 1636 444 1696 ante
465 1629 570 1696 omnis
593 1635 756 1712 perspecta
771 1627 896 1696 habeas.
919 1627 1150 1710 cognationum
1166 1646 1219 1693 no-

100 1765 164 1813 nen
181 1748 227 1814 sit
239 1749 386 1830 generale
399 1750 430 1815 in
445 1749 637 1817 tresordinos
651 1748 826 1827 deducitur,
841 1748 874 1814 in
886 1755 1042 1829 parentes,
1057 1749 1088 1814 in
1104 1748 1219 1814 liberos

100 1875 190 1949 amus
204 1870 239 1935 in
256 1872 374 1950 eosqui
386 1888 423 1936 ex
434 1874 614 1937 transuerso
631 1871 769 1937 ueniunt.
793 1874 825 1935 ot
844 1872 990 1951 parentes
1004 1873 1079 1932 sunt
1093 1867 1146 1949 qui
1162 1885 1218 1933 nos

100 1993 283 2068 genuerunt,
298 1993 390 2070 pater
411 1994 513 2054 mater
535 2005 615 2054 auus
637 1987 710 2055 auia
731 2006 869 2070 proauus
890 1984 1023 2070 proauia
1045 1993 1078 2052 ct
1099 1987 1147 2053 his
1169 2004 1218 2052 su·
1237 2001 1269 2054 ro

101 2109 248 2188 periotes.
282 2105 372 2173 liberi
394 2113 500 2174 antem
523 2113 606 2188 sunt,
628 2109 682 2189 qui
704 2126 742 2173 ex
763 2105 853 2173 nobis
868 2104 935 2172 nati
950 2112 1033 2187 sunt,
1056 2101 1138 2173 filius
1152 2103 1218 2172 filia

102 2243 192 2308 nepos
216 2225 320 2308 neptis
343 2243 497 2309 pronepos
524 2223 687 2308 proneptis
716 2231 748 2292 et
774 2225 824 2291 his
849 2225 1027 2310 interiorem
1056 2246 1094 2291 ex
1119 2224 1219 2291 latere

104 2353 204 2410 autom
235 2344 365 2411 ueniunt
385 2344 440 2425 qui
462 2360 564 2424 neque
584 2362 641 2409 nos
662 2351 839 2426 genuerunt
859 2362 961 2428 noque
981 2360 1020 2410 ex
1040 2343 1131 2409 nobis
1153 2345 1218 2408 nati

104 2468 185 2544 sunt,
209 2471 261 2528 set
281 2463 411 2530 eandem
441 2463 591 2545 originem
619 2469 651 2528 et
679 2462 808 2545 εᾰιρεω
835 2463 995 2529 nobiscum
1026 2478 1218 2528 communem

105 2582 233 2660 habent,
256 2583 355 2650 ueluti
377 2582 475 2649 irater
497 2597 586 2648 soror
615 2589 749 2664 patruos
780 2583 876 2648 amita
903 2582 1077 2648 auunculus
1106 2588 1218 2646 roster-
1239 2589 1269 2640 tu

104 2704 169 2767 tera
190 2718 290 2782 nepos
313 2703 415 2783 neptis
438 2707 470 2768 e't
492 2693 541 2767 his
562 2699 737 2768 interiores.
764 2700 908 2784 cognatio
930 2709 1036 2767 autem
1059 2718 1097 2766 ex
1119 2706 1220 2766 mans·

104 2838 193 2888 uomo
217 2821 249 2886 in
272 2819 352 2887 duas
374 2821 493 2904 species
515 2817 691 2900 deducitur,
713 2821 745 2888 in
767 2821 921 2905 adgnatos
943 2828 976 2889 et
997 2827 1154 2904 cognatos.
1189 2825 1221 2886 et

104 2940 231 3022 adgnati
253 2940 379 3025 quidem
403 2946 476 3008 sunt
497 2942 551 3023 qui
573 2960 629 3024 per
658 2941 760 3008 uirilis
781 2960 874 3009 sexus
904 2940 1120 3024 cognationem
1150 2959 1222 3009 con·

105 3059 292 3144 iunguntur,
314 3059 412 3128 ueluti
434 3062 532 3128 irater
560 3063 809 3146 consanguineus
838 3063 966 3144 eiusque
995 3059 1103 3140 libari,
1133 3075 1222 3126 soror

105 3182 334 3263 consanguinea
354 3188 487 3265 patruus
510 3183 640 3266 eiusque
661 3182 753 3249 liberi
775 3188 808 3249 et
837 3181 943 3248 amita
995 3181 1120 3263 cognati
1147 3187 1220 3246 aunt
1236 3191 1271 3244 ao

106 3299 156 3380 qui
177 3317 235 3382 per
257 3298 395 3365 feminini
418 3318 511 3367 sexus
532 3319 683 3385 personas
706 3301 891 3384 cognatione
920 3301 1010 3367 nobis
1040 3301 1222 3382 iunguntur,

107 3415 203 3484 ueluti
226 3435 315 3485 soror
336 3417 461 3487 uterina
483 3419 612 3502 eiusque
634 3417 699 3495 diii,
721 3426 891 3488 matertera
911 3420 1039 3504 eiusque
1061 3417 1125 3498 tilii,
1148 3417 1223 3485 itam

107 3535 219 3601 animo
239 3533 306 3602 tilio
326 3536 456 3619 adgnati
469 3544 575 3606 autem
596 3539 692 3605 edam
713 3538 844 3621 legitimi
865 3537 1012 3605 dicuntur
1034 3545 1066 3606 ct
1089 3538 1223 3621 cognati,

107 3651 187 3722 idest
208 3662 323 3722 natura
350 3647 524 3738 coniuncti,
552 3674 625 3724 nam
651 3674 731 3739 qnos
758 3659 808 3725 ins
835 3647 1014 3742 adgnoscit,
1042 3658 1169 3725 eosdem
1192 3663 1224 3722 et

108 3780 220 3840 natura
240 3776 337 3842 nouis
370 3776 494 3859 cognati
516 3784 625 3844 autem·
642 3776 801 3844 saturatos
822 3782 944 3846 tantum
965 3777 1121 3854 dicuntur,
1144 3793 1223 3858 quos
1240 3797 1274 3849 as

110 3894 189 3958 cnidi
212 3901 325 3961 natura
347 3897 444 3976 nouit,
466 3914 530 3965 nou
551 3895 729 3964 omnimodo
750 3894 820 3964 iure
843 3909 967 3980 quoqne
980 3895 1222 3979 adgnoscuntur.

111 4028 178 4078 cum
199 4012 276 4083 haec
298 4014 357 4083 tibi
378 4024 544 4101 perspecta
565 4017 637 4099 sint,
660 4015 734 4084 uide
755 4017 830 4100 quid
853 4016 926 4084 inde
949 4022 1109 4098 sequatur.
1154 4032 1224 4080 cum
