3058 4890
592 415 848 495 -aea-‘

143 619 296 702 pepulere
318 617 581 700 erantpaullatim
603 618 634 682 iu
656 617 909 684 iurisdictionem
929 623 964 684 et
988 616 1067 684 iuris
1094 613 1261 682 necessita·

144 746 214 805 tem.
231 751 423 805 conuersum·
438 745 499 817 eet,
518 744 689 820 tentusque
708 737 800 804 leucu
824 734 1141 802 fideicommissorum·
1159 735 1265 801 lautus·

145 864 261 937 estut
282 873 430 940 processu
460 854 612 938 temperis
635 857 728 922 etiem
756 861 881 938 praetor
907 856 1065 937 proprius,
1093 853 1147 936 qui
1175 851 1262 920 tuer-

145 976 318 1042 cummissis
340 982 462 1040 tantum
484 976 532 1040 ius
555 975 686 1052 diceret,
710 980 888 1052 crearetun
911 991 1003 1056 quem
1029 971 1263 1040 »li'deluo‘m-

100 1098 128 1150 2.
144 1095 397 1161 missuriume
423 1093 630 1178 appellabant.
668 1095 697 1157 2.
732 1093 861 1174 Origine
882 1091 1189 1158 fideicommissorum
1212 1111 1263 1158 ex·
1296 1089 1313 1140 ⁶

145 1216 282 1296 planata,
305 1213 467 1280 uideamus
490 1215 528 1280 dc
550 1214 777 1280 hereditatibus
799 1211 1101 1278 fideicommissariis.
1146 1210 1177 1275 iu
1200 1210 1263 1292 pri·

146 1334 221 1410 misr
237 1340 274 1398 ut
295 1331 566 1399 fideicommissum
588 1331 702 1410 ualeat,
726 1350 806 1412 opus
826 1337 887 1412 est
908 1335 944 1396 ut
965 1331 1077 1412 aliquis
1093 1336 1179 1396 recto
1193 1330 1263 1396 iure

146 1457 334 1518 testamento*
353 1452 444 1516 heres
466 1451 666 1530 instituatur,
696 1457 792 1532 atque
812 1457 940 1532 rogetur
962 1457 1004 1516 nt
1020 1469 1095 1516 eam.
1109 1449 1264 1514 heredita·

146 1577 210 1636 tem
237 1569 474 1650 alii·restltuat;
505 1569 642 1652 alioquin
670 1569 780 1635 inutile
810 1576 858 1634 est
886 1575 1107 1634 testamentum
1136 1568 1169 1633 in
1201 1585 1263 1648 que

146 1707 236 1755 uemc
258 1690 350 1756 heres
372 1688 557 1754 instituitur.
596 1705 665 1754 cum
687 1689 784 1770 igitur
806 1687 941 1769 aliquem
964 1689 1110 1753 heredem
1133 1688 1264 1769 scripse·
1284 1699 1316 1750 10

147 1810 205 1874 rim
231 1809 402 1876 ’Lucius
425 1809 554 1874 Titius
582 1809 673 1873 mihi
699 1809 970 1887 heresestw
1003 1817 1110 1890 potero
1141 1809 1264 1873 adicere

147 1949 239 2012 rogo
261 1937 299 1996 tc
322 1929 414 1996 Luci
437 1929 516 1994 Titi
540 1935 582 1995 ut
604 1947 689 1996 cum
716 1931 878 2012 primum
905 1929 1039 2010 possis
1060 1927 1266 1994 heredite-

147 2049 518 2124 temmeamedire,
550 2065 629 2114 eam
653 2048 750 2114 Gaio
772 2045 859 2114 Seio
888 2048 1034 2113 reddes
1062 2053 1182 2129 atque
1206 2066 1264 2110 re·
1319 2109 1321 2115 ,

148 2169 328 2234 stitues.r
385 2166 517 2234 Possum
551 2167 696 2234 heredem
727 2187 851 2250 quoque
880 2169 927 2232 de.
950 2174 1040 2250 parte
1072 2167 1266 2232 restituenda

148 2305 269 2370 rogare,
291 2306 352 2352 uon
375 2287 475 2353 solum
498 2289 537 2354 de
558 2293 627 2352 tota
647 2287 831 2353 hereditate.
882 2286 1069 2367 relinquitur
1097 2292 1203 2351 autem
1231 2283 1265 2348 fi·
1285 2285 1316 2338 15

149 2407 397 2472 deicommissnm
420 2414 452 2472 et
473 2427 551 2488 pure
574 2415 605 2472 et
627 2408 684 2472 sub
707 2408 886 2473 condicione
908 2412 940 2472 et
963 2425 1000 2470 ex
1022 2405 1072 2469 die
1094 2413 1190 2483 certo,
1213 2421 1266 2469 ue·

105 2540 131 2592 3.
150 2525 209 2590 luti
234 2532 325 2607 ’post
346 2527 504 2592 biennium
526 2545 618 2609 quem
642 2535 783 2592 mortuus
806 2525 921 2591 fuere«
962 2525 993 2590 3.
1026 2523 1152 2605 Siquis
1176 2525 1266 2589 heres
1305 2515 1310 2524 ’

149 2646 314 2712 institutus
327 2625 431 2727 ‘atque
455 2654 583 2729 rogetus
604 2646 809 2711 hereditatem
832 2644 966 2710 reddere
991 2663 1060 2710 eam
1081 2644 1265 2724 restituerit,

23 2849 29 2858 ι
148 2764 247 2832 nihilo
270 2765 375 2830 miuus
395 2765 487 2832 heres
510 2771 681 2848 permanet.
723 2785 794 2830 uam
816 2766 941 2832 heredis
968 2783 1078 2830 nomeu
1102 2764 1132 2830 ei
1154 2764 1267 2830 adhae-

149 2886 201 2950 sit.
222 2891 261 2950 et·
278 2883 352 2951 olim
374 2886 499 2968 quidem
522 2886 576 2966 qui
597 2885 803 2950 hereditatem
826 2886 1002 2968 recepisset
1026 2883 1181 2967 emptoris
1198 2883 1265 2950 lucc
1284 2882 1318 2932 20

149 3003 340 3084 habebatur3
363 3013 472 3087 postea
495 3023 572 3071 uero
593 3005 759 3086 aliquando
780 3005 905 3070 heredis
924 3004 1090 3084 aliquando
1112 3005 1266 3086 legatarii.

151 3128 183 3188 et
204 3128 296 3188 autea
319 3123 358 3188 de
380 3129 528 3206 emptore¹
541 3124 713 3190 uideamus.
758 3144 828 3190 cum
850 3125 1019 3190 absurdum
1048 3143 1117 3191 esse
1146 3126 1267 3191 uidere*

150 3247 239 3307 retur
260 3224 406 3308 heredem
429 3244 554 3324 quidem
576 3245 758 3310 hereditatis
788 3263 884 3310 onera
910 3246 1043 3322 sentire,
1073 3244 1139 3310 eius
1163 3253 1268 3309 autem

150 3360 256 3434 lucris,
275 3359 594 3428 fideicommissariam
621 3362 698 3442 frui,
728 3365 846 3445 placuit
875 3365 1085 3429 uenditionem
1113 3366 1268 3446 quandam
1367 3441 1369 3446 ¹

151 3479 366 3562 imaginariam
388 3482 470 3549 fieri:
488 3502 553 3567 qua
572 3483 663 3548 heres
684 3501 809 3548 nummo
832 3503 894 3550 uuo
917 3490 1015 3550 totam
1037 3484 1194 3551 tendebat
1215 3487 1270 3551 he·
1287 3485 1321 3536 25
