3078 4882
604 426 835 493 -185-

162 619 273 678 rerunt
292 611 435 679 Tertium
456 612 575 696 puriter
595 615 742 684 heredem
766 629 836 681 esse
857 631 960 698 posse,
983 613 1050 682 siue
1071 613 1197 682 Primus
1218 621 1288 684 tau·

118 731 323 798 ttummodo
344 731 414 799 sius
436 733 532 799 etiam
554 731 717 802 Secundus
738 732 871 801 heredes
900 731 977 800 iacti
998 751 1060 800 nou
1083 733 1211 802 fuerint
1255 737 1286 800 4.

160 849 295 917 Seruum
318 856 407 917 tuum
429 851 562 919 liberum
585 871 654 921 esse
676 854 857 920 existimans
879 852 1027 922 heredem
1048 853 1181 936 institui,
1204 843 1288 924 edie-

159 972 264 1054 cique:
285 971 319 1037 si
341 972 455 1039 heres
475 971 575 1038 mihi
601 992 678 1040 nou
708 972 805 1055 erit,
835 974 1014 1041 Maeuius
1042 974 1161 1042 heres
1190 980 1286 1042 esto.

158 1097 387 1173 postmortem
408 1110 509 1158 meam
531 1091 652 1158 iussisti
672 1092 820 1160 heredem
843 1097 933 1158 tuum
955 1110 1047 1176 quem
1073 1091 1220 1160 heredem
1241 1093 1287 1159 in·
1321 1091 1340 1144 ὃ

160 1208 339 1290 stitueram,
360 1209 568 1276 hereditatem
589 1211 688 1278 edire.
712 1211 878 1294 quaeritur
899 1229 939 1277 cn
960 1210 1050 1278 locus
1070 1210 1288 1278 substitutioni

158 1326 226 1394 1111.
272 1333 305 1394 11
325 1329 424 1411 magis
447 1335 496 1395 111
518 1335 555 1396 11
581 1330 774 1396 substitutus
802 1327 964 1396 dimidiam
992 1333 1113 1411 partem
1142 1328 1286 1411 accipiat

161 1452 212 1513 set
241 1445 303 1512 erit
332 1448 386 1530 qui
413 1447 498 1514 dicut
523 1447 730 1514 substitutum
761 1452 863 1514 totum
892 1447 955 1514 sibi
987 1465 1099 1530 capere
1130 1453 1286 1529 oportere,

158 1583 231 1631 cum
253 1570 389 1633 testator
409 1566 535 1633 dixerit:
561 1566 633 1634 1111
653 1566 751 1633 mihi
773 1567 893 1635 heres
915 1573 1018 1646 esto,
1047 1567 1081 1633 11
1104 1567 1286 1636 Μ111111

157 1703 230 1752 nou
253 1687 341 1754 erit.
386 1706 488 1754 nonne
510 1687 608 1771 igitur
630 1707 700 1755 cum
721 1687 895 1769 institutus,
918 1692 1028 1769 utpote
1049 1703 1171 1767 seruus,
1194 1687 1286 1754 heres
1306 1691 1339 1746 1⁰

158 1801 313 1871 derium
335 1805 484 1888 potuerit,
506 1805 712 1873 substitutum
734 1806 775 1871 ad
798 1807 980 1872 uniuersum
1002 1804 1209 1873 hereditatem
1231 1825 1287 1873 uo·

158 1941 233 1991 core
254 1923 434 2007 oportebit?
456 1931 505 1991 set
526 1925 567 1991 ad
589 1925 667 1992 haec
689 1926 940 2008 respondendum
963 1930 1012 1992 est
1034 1924 1132 1992 uerba
1153 1924 1207 1991 illa
1231 1924 1286 1991 »si

157 2043 277 2108 heres
298 2061 372 2110 nou
395 2044 506 2123 erit«,
529 2043 633 2127 siqui
655 2043 819 2110 institutus
842 2050 892 2110 est
919 2044 1013 2110 alieni
1040 2048 1090 2111 111
1117 2044 1212 2122 iuris,
1241 2044 1285 2110 id·

157 2178 221 2242 que
242 2167 378 2228 testator
399 2161 533 2242 nouerit,
555 2161 602 2228 its
624 2179 693 2228 esse
715 2161 898 2244 accipienda
922 2163 950 2227 si
975 2180 1078 2244 neque
1105 2162 1173 2244 ipse
1198 2161 1287 2227 insti·

157 2284 249 2346 tutus
270 2278 363 2346 heres
385 2280 456 2360 erit,
478 2298 581 2362 neque
602 2280 697 2347 alium
718 2281 865 2348 heredem
880 2279 1027 2359 effecerit,
1050 2279 1132 2346 idest
1147 2281 1176 2344 ei
1190 2296 1285 2360 quoe
1305 2292 1336 2345 11

157 2404 213 2465 rat
232 2399 455 2481 hereditatem,
483 2405 519 2464 ut
540 2398 643 2467 locum
664 2399 780 2466 habeut
801 2398 993 2465 substitutio.
1037 2398 1078 2463 de
1103 2397 1157 2463 iilo
1179 2404 1284 2466 cutem

157 2517 327 2598 instituto,
366 2537 459 2601 quem
497 2525 632 2586 testator
671 2518 924 2602 patremfamilias
957 2536 1026 2584 esse
1058 2517 1284 2600 arbitrabatur,

159 2640 260 2706 uerba
284 2639 335 2706 »si
357 2639 470 2706 heres
492 2658 566 2706 uon
588 2639 695 2707 erit«
719 2636 797 2704 illud
820 2635 1006 2721 significant,
1029 2637 1055 2702 si
1077 2637 1285 2705 hereditatem

159 2758 221 2824 sibi
243 2761 314 2826 eiue
336 2759 426 2827 cuius
447 2760 509 2826 iuri
531 2759 692 2827 subiectus
713 2765 823 2842 postea
845 2777 916 2826 esse
937 2758 1075 2842 coeperit
1096 2777 1158 2824 uon
1172 2757 1283 2839 adqui-

150 2875 261 2965 sierit,
285 2884 321 2944 11
343 2878 430 2945 11111
452 2879 668 2946 substitutioni
689 2879 723 2945 in
745 2897 847 2946 assem
868 2877 935 2946 fiat.
984 2877 1036 2946 hic
1059 2884 1183 2957 autem,
1213 2894 1285 2944 cum
1303 2891 1337 2944 so

158 2995 221 3062 iam
248 2995 343 3063 alieni
371 2998 449 3063 iuris
471 3005 557 3064 esset
576 2998 631 3081 qui
652 2997 703 3064 sui
724 2997 804 3064 iuris
830 3016 900 3065 esse
922 2996 1117 3076 crederetur,
1146 2996 1217 3062 ideo
1239 3013 1285 3063 11·

158 3118 285 3183 missem
308 3117 504 3185 substitutus
526 3118 669 3200 accipiet,
692 3118 787 3201 idque
809 3118 903 3184 diuus
925 3117 1102 3184 Antoninus
1125 3113 1286 3194 rescripsit

153 3236 190 3301 in
221 3254 357 3319 persons
383 3234 546 3304 Parthenii
574 3237 660 3303 serui
687 3238 747 3304 111.
798 3235 1001 3303 Parthenium
1029 3235 1111 3302 enim
1141 3231 1285 3299 Caesaris

159 3373 288 3421 seruum
303 3360 418 3437 putans
433 3355 504 3438 quis
518 3355 651 3423 liberum
669 3374 738 3423 esse
753 3355 898 3422 heredem
919 3354 1110 3436 institueret,
1131 3349 1286 3418 substitu-
