3096 4890
610 343 823 464 -1o.'..'.

153 585 241 652 ratio
263 590 368 652 autem
390 565 468 653 haec
490 592 548 653 est
571 604 642 653 cnm
664 585 763 652 Roma
784 585 906 651 ciuibus
927 583 1112 666 abundaret,
1135 593 1204 654 orta
1219 594 1277 668 est,

154 712 193 772 ut
211 705 282 772 fieri
295 707 386 786 solet,
401 707 516 772 seditio
530 707 684 791 quaedam
695 713 732 772 et
746 703 904 772 contentio
917 705 1001 772 inter
1019 704 1168 788 patricios
1182 712 1278 791 atque

150 827 305 908 plebeios,
326 826 408 892 forte
430 846 501 893 cum
522 825 648 908 patricii
670 843 791 892 summa
812 843 916 891 rernm
936 824 1052 890 uellent
1066 824 1171 907 potiri.
1192 825 1278 894 ideo·

151 965 217 1028 que
237 949 373 1013 secessio
395 947 478 1012 lacta
500 954 549 1014 est
570 953 603 1012 et
624 947 754 1012 seorsim
776 944 902 1026 utrique
923 945 1060 1026 agebant
1080 951 1176 1030 atque
1190 966 1278 1030 rege·

156 1068 282 1134 bantur.
333 1075 427 1152 atque
458 1087 527 1134 cunr
557 1085 618 1134 non
644 1073 773 1152 possent
800 1065 831 1132 iu
861 1065 1021 1146 republica
1049 1067 1171 1132 uersari
1200 1068 1275 1152 quin
1309 1077 1327 1129 o

155 1187 283 1270 negotia
298 1189 526 1265 contraherent,
542 1188 581 1253 ad
597 1186 826 1254 controuersias
846 1185 980 1268 litesque
1000 1186 1073 1254 inde
1094 1194 1181 1254 ortus
1202 1182 1282 1256 dim

155 1311 285 1375 mendas
306 1309 480 1392 apatriciis
496 1310 565 1374 iura
580 1307 706 1373 condita
720 1311 802 1372 sunt
825 1305 955 1371 seorsim
977 1323 1054 1402 uero
1075 1306 1125 1372 ius
1146 1326 1166 1371 a
1186 1306 1276 1390 plebe

150 1448 281 1512 quoque
303 1431 462 1495 conditum
485 1438 546 1508 est,
571 1428 790 1509 diuersumque
812 1431 1016 1506 utrorumque
1043 1424 1114 1489 iura
1140 1425 1274 1509 appella·

152 1551 270 1616 tionem
287 1553 396 1617 merito
414 1559 506 1615 nacta
522 1557 605 1614 sunt.
628 1566 699 1614 narn
715 1547 797 1630 quod
813 1566 832 1611 a
847 1551 958 1611 senatu
981 1546 1183 1612 constitutum
1206 1551 1276 1612 erat

59 1723 62 1731 .
149 1667 204 1733 lex
226 1669 378 1750 appellari
402 1690 463 1735 non
486 1675 623 1752 poterat,
647 1666 837 1750 complebis
860 1666 1011 1732 adsensus
1035 1683 1097 1731 non
1124 1666 1275 1732 adcessis·
1294 1691 1326 1742 10

148 1795 212 1865 set,
226 1797 258 1854 et
269 1789 340 1855 ideo
352 1791 527 1856 necessario
539 1790 579 1854 ab
593 1790 639 1867 iis,
651 1787 706 1872 qui
721 1788 753 1852 id
769 1793 944 1864 sanxerant,
957 1794 1085 1852 senatus
1099 1785 1274 1879 consultum

151 1913 204 1974 est
225 1916 382 1989 uocatum,
405 1929 426 1974 a
446 1916 557 1974 senatu
580 1927 690 1991 nempe
717 1915 750 1974 et
778 1927 797 1973 a
826 1906 1026 1974 consulendo.
1076 1925 1147 1973 cum
1176 1906 1275 1990 igitur

152 2036 284 2093 senatus
310 2029 380 2093 lites
403 2029 593 2094 dirimendas
614 2027 802 2110 susciperet,
832 2026 933 2108 iisque
958 2025 1057 2106 natis,
1084 2028 1135 2092 ius
1159 2027 1274 2093 consti·

153 2156 275 2221 meret,
305 2150 416 2214 merito
443 2155 607 2214 senatus
630 2147 855 2214 consultum
878 2147 936 2212 hoc
958 2145 1117 2212 audiebat.
1144 2145 1219 2212 item
1240 2151 1274 2211 et

152 2267 238 2349 apud
272 2266 393 2348 plebem
428 2268 711 2335 controuersiarum
746 2269 923 2336 occasiones
952 2269 1134 2334 oriebantur
1161 2266 1273 2348 iusque
1292 2288 1323 2340 15

149 2389 238 2470 apud
261 2407 330 2454 earn
357 2391 565 2468 condebatur,
598 2390 682 2470 quod
712 2391 861 2470 nequibat
888 2386 938 2454 lex
964 2388 1129 2470 appellari,
1162 2394 1272 2471 utpote

148 2508 236 2589 qnod
257 2507 460 2589 patriciorum
484 2527 636 2574 consensu
652 2509 802 2592 scriptum
825 2528 885 2574 non
908 2515 1005 2588 esset;
1026 2509 1201 2574 uocabatur
1214 2508 1270 2573 ita·

152 2645 213 2708 que
235 2626 318 2708 plebi
340 2628 460 2700 scitum,
484 2646 594 2711 nempe
616 2629 700 2711 quod
726 2630 814 2710 plebs
841 2631 985 2696 sciuisset
1011 2636 1107 2711 atque
1136 2629 1269 2696 tulisset.

146 2765 219 2810 cum
251 2764 328 2812 uero
359 2748 539 2814 inimicitiae
569 2755 740 2831 perpetuae
772 2748 855 2830 apud
884 2768 937 2814 eos
960 2767 1029 2815 esse
1050 2767 1112 2815 non
1133 2757 1270 2832 possent,

150 2866 335 2934 Hortensius
351 2870 476 2951 quidam
499 2870 549 2934 uir
563 2871 684 2952 patriae
699 2870 932 2937 amantissimus
947 2870 1046 2937 suasit
1062 2871 1106 2938 eis
1128 2877 1268 2935 mutuam
1287 2876 1322 2928 ao

144 2986 275 3066 quidem
298 2988 541 3057 maliuolentiam
563 2993 728 3076 deponere,
751 2993 789 3058 ad
805 2994 1001 3059 concordiam
1021 3000 1126 3060 autem
1142 2994 1269 3072 reuerti,

144 3108 341 3174 calamitates
363 3127 444 3190 qnae
466 3130 522 3192 per
540 3111 712 3178 discordias
733 3111 876 3179 accidere
898 3110 1019 3178 soleant
1041 3111 1216 3192 ostendens,
1236 3115 1269 3175 et
