3038 4884
694 401 907 464 ..43-

246 584 371 660 εῖκύτως
393 583 468 649 οὐδὲ
490 583 655 668 cognition.
694 585 742 650 διὸ
765 586 820 648 ἐάν
844 611 887 664 τις
910 591 961 652 τὸν
984 586 1060 652 ἴδιον
1082 589 1227 674 γαμβρὸν
1249 590 1293 662 εἷς
1315 588 1367 653 θέ-

246 711 292 750 σιν
313 687 463 773 βούληται
492 688 616 770 λαβεῖν,
645 689 762 773 ὀφείλει
796 689 951 774 πρότερον
984 691 1039 778 τὴν
1075 690 1234 775 θυγατέρα
1268 696 1366 755 ποιεῖν

245 790 508 874 emancipdtaffl).
553 793 580 855 ελ
602 791 638 855 δέ
668 791 744 874 roff)
768 789 847 881 ἔχων
879 792 942 856 υῖὸν
970 795 1020 856 καλ
1050 793 1187 880 νύμφην,
1214 793 1367 880 βούληται

246 895 289 967 εἷς
311 893 396 957 θέσιν
417 894 526 976 λαβεῖν
548 897 602 981 την
627 895 766 982 νύμφην,
795 896 1072 980 emancipatesrein
1102 899 1256 981 πρότερον
1285 897 1368 981 ύφεὶ-

212 998 291 1061 oder
315 999 365 1060 τὸν
389 997 462 1060 υἱόν.
508 997 535 1062 εἷ
556 999 617 1082 γὰρ
637 1001 681 1084 μὴ
703 1002 795 1062 τοῦτο
819 1000 946 1086 πράξη,
968 1011 1006 1085 τῇ
1028 999 1114 1064 θέσει
1135 1003 1190 1063 τοῦ
1219 1000 1366 1085 γαμβροῦ

245 1097 341 1186 ἣτης
364 1099 486 1186 νύμφης
507 1102 524 1163 ὁ
547 1103 647 1185 γάμος
675 1100 904 1186 διαλυθήσεται.
932 1101 1160 1189 εὑρεθήσονται
1186 1103 1247 1186 γὰρ
1277 1103 1368 1166 ἀθελ-

246 1202 313 1285 φοῖ·
333 1203 451 1284 μεταξὺ
475 1202 510 1266 δὲ
533 1202 680 1287 ἀδελφῶν
704 1203 777 1268 οὐδὲ
800 1205 861 1286 22³)
878 1202 939 1267 εἷεν
963 1203 1049 1267 θετυλ
1063 1205 1240 1271 συνίσταται
1254 1208 1363 1290 γάμος.

245 1307 275 1370 3.
315 1307 403 1392 Τηνέ)
428 1309 480 1370 τοῦ
508 1306 648 1392 άθελφοῦ
677 1305 731 1393 ἢῧ)
761 1312 817 1393 τῆς
846 1308 987 1394 ἀδελφῆς
1012 1331 1075 1389 μου
1102 1307 1264 1391 θυγατέρα
1290 1309 1365 1391 λαμ·
1383 1327 1416 1378 3,

246 1409 355 1491 βάνειν
379 1412 457 1494 πρὸς
479 1411 578 1492 γάμον
601 1410 636 1472 ού
660 1409 792 1492 θέμιςθ).
826 1409 894 1473 ἀλλ’
917 1411 991 1473 οὐδὲ
1011 1412 1066 1496 τὴν
1087 1411 1206 1475 τούτων
1228 1410 1365 1497 ἐκγύνην,
1503 1399 1504 1410 ³

201 1511 278 1573 1οεῖ
299 1513 347 1574 καὶ
370 1511 406 1574 τὰ
425 1496 595 1594 μάλισταθ
614 1512 678 1575 ἐστι
699 1511 845 1597 βαθμοῦ,
869 1511 906 1584 ἐξ
926 1511 963 1576 ού
985 1513 1114 1595 βαθμοῦ
1138 1513 1270 1597 δύναμαι
1292 1515 1366 1596 λαμ-

245 1613 352 1695 βάνειν
376 1616 453 1697 πρὸς
476 1615 627 1696 γάμονΊ),
662 1615 725 1678 οῖον
754 1616 838 1701 τηνῦ)
867 1614 1031 1699 θυγατέρα
1062 1619 1114 1678 τοῦ
1146 1615 1234 1679 θείου
1262 1614 1283 1703 ἢ
1310 1620 1367 1700 τῆς

247 1715 345 1788 θείας.
390 1716 491 1779 κανὼν
513 1716 573 1801 γὰρ
597 1715 676 1780 ἔστω
706 1740 756 1779 σοι
779 1717 955 1793 καθολικὸς·
983 1716 1101 1781 ἐκείνου
1131 1719 1302 1802 προσώπου
1331 1715 1367 1778 ού

248 1818 301 1903 τὴν
324 1817 484 1901 θυγατέρα
507 1819 542 1880 ού
566 1819 697 1901 δύναμαι
719 1819 827 1901 λαβεῖν
851 1821 928 1904 πρὸς
952 1821 1061 1903 γάμον,
1085 1820 1195 1883 τούτου
1218 1819 1292 1883 ούθὲ
1313 1819 1367 1904 τὴν

249 1921 384 2007 έιγύνην.
430 1921 457 1983 ελ
479 1921 514 1983 δὲ
536 1923 553 1984 d
576 1921 705 2006 φύσοιύς
724 1945 787 2006 μου
811 1923 913 2007 πατὴρ
937 1923 1020 2008 λάβη
1043 1945 1110 1985 τινα
1139 1921 1233 2007 κόρην
1256 1921 1301 1996 ελς
1320 1919 1369 1983 θέ-

200 2024 231 2076 15
249 2047 305 2101 σιν,
329 2023 451 2109 γένηται
480 2023 516 2086 δὲ
545 2024 579 2087 ἐκ
607 2024 722 2110 ταύτης
749 2024 893 2111 θυγάτηρ
924 2024 1058 2106 δύναμαι
1089 2024 1226 2106 λαβεῖνθ)
1257 2024 1368 2109 ταύτην

248 2128 326 2212 πρὸς
348 2128 456 2208 γάρον,
480 2126 585 2213 ἐπειδὴ
608 2125 745 2208 cogne'etc
764 2126 820 2210 μοι’
826 2127 863 2207 ¹⁰)
891 2125 973 2188 ἐστιν
1001 2125 1080 2211 αῦτη
1103 2127 1148 2200 ὡς
1174 2124 1209 2188 ἐκ
1237 2124 1369 2212 θηλυγο-

249 2228 314 2302 νέας
336 2228 555 2314 γινωσκομένη.
602 2229 768 2313 εἰρήκαμεν
791 2228 827 2290 θὲ
850 2228 946 2309 ronst)
976 2227 1009 2290 έν
1037 2226 1129 2310 φύσει
1157 2227 1368 2310 cognitiones

250 2329 335 2395 θέσει
357 2331 490 2414 ortdorff)
515 2330 601 2396 εἶναι.
645 2334 675 2395 4.
709 2330 817 2414 18)άύο
849 2330 996 2414 άθελφιῦν
1026 2330 1169 2415 ἀρρένων
1191 2329 1211 2416 ἢ
1235 2330 1407 2416 θηλείων4,
1509 2321 1510 2328 ¹

250 2436 358 2509 παῖδες
380 2434 398 2522 ἦ
421 2435 561 2520 άθελφοῦ
583 2438 633 2499 καὶ
660 2435 844 2522 άθελφῆςῑέ)
873 2433 1020 2496 δύνανται
1051 2437 1131 2514 πρὸς
1158 2435 1257 2516 γάμον
1279 2434 1370 2498 συνά·

318 2643 340 2710 1)
358 2641 538 2708 ἐμογκίπατον
556 2639 599 2694 vt.
617 2640 654 2694 R.
722 2639 744 2706 ²)
763 2638 804 2692 de.
822 2639 854 2692 G.
925 2639 949 2704 3)
966 2637 1008 2691 vi.
1027 2639 1074 2690 ἐὰν
1098 2638 1131 2692 R.
1199 2638 1223 2703 4)
1239 2637 1294 2705 γὰρ
1320 2637 1369 2690 ins,

250 2727 312 2796 Syn.
330 2726 393 2782 BaS.
495 2729 518 2793 ⁵)
536 2727 585 2796 τὴν
603 2727 645 2780 ins
663 2726 724 2779 Bas.
841 2727 864 2792 ⁶)
882 2724 1031 2788 λαμβάνειν
1051 2723 1083 2776 ού
1101 2722 1218 2786 δύναμαι
1235 2721 1307 2790 πρὸς
1323 2723 1370 2790 γά·

250 2829 300 2876 μον
317 2811 348 2865 Ρ.
366 2811 398 2862 οῦ
416 2811 549 2877 λαμβάνω
566 2813 635 2879 πρὸς
651 2812 740 2878 γάμον
764 2811 854 2864 Herm.
934 2811 957 2874 ⁷)
974 2810 1023 2862 Ll.
1043 2810 1077 2860 ού
1095 2808 1211 2873 δύναμαι
1229 2809 1258 2862 P.
1277 2808 1320 2863 vi.
1338 2807 1371 2862 R.

250 2896 285 2956 ἐξ
299 2895 331 2949 οῦ
349 2896 463 2962 βαθμοῦ
486 2897 620 2949 δύνασθαι
644 2896 794 2961 λαμβάνειν
814 2897 884 2967 πρὸς
906 2898 996 2964 γάμον
1020 2897 1052 2948 ού
1074 2897 1152 2962 θέμις
1170 2896 1203 2950 F.
1238 2894 1305 2949 Cum
1321 2893 1371 2946 L1.

250 2982 353 3037 faciunt
369 2982 437 3051 Epa.
457 2987 485 3034 et
502 2982 594 3035 Harm.
697 2982 720 3048 Β)
738 2983 822 3050 deripe
842 2981 904 3037 add.
925 2983 953 3036 P.
973 2981 1004 3036 R
1107 2983 1130 3047 9)
1150 2981 1299 3047 λαμβάνειν
1320 2980 1370 3034 Ll.

251 3069 283 3123 F.
420 3069 454 3136 ¹⁰)
471 3067 524 3131 μού
541 3066 573 3121 Β.
710 3070 746 3136 11)
764 3083 799 3121 ex
816 3069 850 3136 cj.
868 3067 901 3122 R.
922 3073 984 3123 cett.
1003 3069 1049 3121 τὸν
1187 3066 1222 3132 11)
1237 3065 1322 3136 μηδὲν
1340 3063 1373 3120 R.

251 3155 287 3223 13)
304 3153 384 3222 longe
401 3153 461 3208 eliis
485 3151 576 3206 uerbis
597 3152 658 3206 Bes.
681 3153 743 3220 Syn.
765 3152 834 3222 Epo.
858 3154 965 3220 Ηττον,
989 3153 1135 3220 praecipue
1158 3151 1317 3206 crediderim
1338 3149 1373 3204 ob

251 3246 384 3294 mntetnm
401 3240 450 3293 ius.
553 3238 589 3304 14)
606 3237 667 3292 libri
685 3253 753 3306 quos
771 3238 872 3293 contuli
889 3237 951 3292 edd.
970 3239 1046 3306 oca)
1091 3238 1124 3291 In
1141 3252 1194 3291 uuo
1214 3235 1272 3291 cod.
1290 3235 1372 3303 peris.

252 3327 344 3381 deesse
361 3321 553 3380 uoculem‘oc’
572 3323 604 3380 F.
622 3329 751 3392 testetur,
775 3324 820 3393 qni
845 3323 883 3378 eit
906 3339 965 3378 cem
991 3323 1142 3378 recentiore
1164 3337 1245 3375 mann
1266 3320 1304 3374 ibi
1328 3319 1374 3375 ed·

252 3413 353 3467 icctore
371 3411 452 3464 fuisse
470 3408 523 3477 (Fe
540 3411 592 3474 68).

320 3500 348 3564 e)
364 3496 456 3550 1nL1.
469 3509 550 3547 menn
563 3494 712 3548 recentiore
724 3493 837 3561 legitur:
858 3495 908 3546 »od
927 3493 1002 3548 deest
1019 3493 1047 3546 in
1065 3491 1161 3546 minori
1178 3492 1235 3546 cod.
1247 3491 1375 3545 Politieni

254 3587 281 3637 et
302 3596 366 3636 sene
383 3579 531 3635 rectissime
555 3620 561 3632 .
581 3619 612 3632 ..
635 3584 677 3632 set
702 3585 730 3631 et
753 3578 804 3633 hoc
826 3579 892 3634 locis
917 3579 1052 3648 plerisque
1076 3578 1157 3632 titulo
1179 3580 1267 3632 minor
1289 3576 1375 3631 codex

253 3673 374 3736 praestet
391 3665 527 3734 multoque
544 3664 658 3732 emplior
675 3671 739 3718 est«
771 3665 814 3720 Io.
832 3665 1000 3720 Metellus
1018 3665 1207 3734 Sequanos.
1235 3663 1282 3718 Set
1298 3662 1375 3716 echo·

254 3753 283 3806 lii
300 3751 450 3806 meminisse
468 3752 542 3804 iuuet
565 3749 599 3804 ed
616 3750 684 3818 Epa.
706 3752 752 3813 17,
770 3754 787 3804 2
812 3750 863 3821 [ed.
882 3751 963 3806 Zach.
986 3767 1012 3819 p.
1034 3754 1111 3822 ll⁰l³
1134 3754 1216 3804 τοῦτο
1238 3751 1269 3803 ιο
1292 3747 1374 3815 κεφά-

254 3838 329 3890 λαιον
349 3838 378 3888 ἐν
397 3839 454 3896 τοῖς
475 3836 654 3896 λνστιτούτοις
671 3838 738 3890 κατὰ
756 3838 882 3907 τοιαύτην
895 3838 1003 3909 ἐρρέθη
1017 3839 1138 3890 διάνοιαν
1157 3837 1175 3888 ὅ
1179 3855 1208 3890 τι
1227 3835 1374 3888 δύναται

253 3923 313 3988 μέν
337 3939 387 3982 τις
413 3921 447 3972 ἐκ
475 3923 534 3974 τοῦ
558 3910 743 3985 ἰθ-βαθμοῦ
770 3920 840 3974 οῖον
859 3921 919 3990 τὴν
946 3921 1139 3991 ἐξαδέλφην
1166 3919 1374 3986 λαμβάνειν·

255 4011 355 4063 τοῦτο
371 4007 439 4076 γὰρ
457 4007 539 4060 τότε
557 4007 614 4059 οὐκ
632 4006 814 4060 ἐκωλύετο,
844 4005 941 4075 quibus
960 4007 1056 4074 frctus,
1073 4007 1144 4061 omni
1162 4005 1283 4075 deposito
1302 4019 1375 4059 seru·

254 4093 327 4164 pulo,
345 4093 376 4146 oc
395 4092 491 4147 deleui.
526 4092 601 4147 Idem
625 4092 744 4148 scholion
767 4093 794 4146 in
812 4092 886 4146 libris
904 4092 1025 4147 Prochiri
1048 4092 1204 4156 inuenitur,
1221 4090 1255 4146 ci.
1273 4089 1375 4146 Zeehs·

254 4181 319 4236 riae.
348 4178 376 4232 ‘0
393 4196 475 4251 πραχ.
495 4179 574 4244 νόμος
590 4195 617 4248 p.
636 4182 677 4234 52.
