3078 4882
687 425 919 488 -166-

349 712 471 790 Quibus
494 731 556 778 non
580 716 629 777 est
650 713 840 796 permissum
863 714 1091 778 testamentum
1114 710 1263 791 facere.¹)

709 831 832 896 Titulus
858 833 905 896 12.

292 1004 294 1010 ·
336 985 401 1049 Τῶν
424 985 604 1072 ἀνθρώπων
626 987 655 1049 οί
675 986 733 1070 μέν
756 983 957 1062 διατίθενται,
986 985 1014 1046 οί
1043 981 1081 1045 δὲ
1110 981 1147 1045 οὺ
1169 979 1371 1044 διατίθενται.

246 1089 295 1151 καί
317 1086 454 1173 εἴπωμεν
462 1087 487 1169 ¹)
512 1089 665 1174 περὶτῶν
688 1085 884 1151 διατίθεσθαι
905 1085 1139 1167 δυναμένωνί)·
1169 1083 1238 1146 ἀλλ’
1261 1082 1371 1167 ἐπειδή

246 1191 349 1253 πολλοὶ
372 1193 424 1255 τὸν
447 1189 580 1278 ἀριθμόν
602 1191 684 1269 είσιν,
708 1189 841 1274 εἴπωμεν
864 1191 1018 1274 περὶτῶν
1039 1190 1083 1273 μή
1099 1186 1283 1270 δυναμένων
1306 1185 1372 1248 δια-

246 1292 387 1358 τίθεσθαι
409 1294 519 1376 θλίγων
542 1293 639 1356 ι’ίντων
663 1292 710 1356 ἵνα
732 1292 767 1354 ἐκ
790 1291 906 1355 τούτων
927 1291 1082 1375 μάθωμεν
1104 1288 1176 1363 τοὺς
1190 1288 1332 1363 πολλούς.
1344 1290 1371 1352 ⁸)

210 1397 322 1459 5κατὰ
343 1397 471 1482 πρώτην
496 1397 579 1469 τάξιν
602 1395 638 1460 οὐ
662 1395 790 1459 δύναται
805 1393 998 1459 διατίθεσθαι
1013 1395 1029 1454 θ
1046 1393 1237 1468 ίιπεξούσιος,
1261 1390 1370 1478 ἐπειδή

245 1497 378 1584 διαθήκή
401 1497 467 1562 ἐστί
487 1503 550 1561 τῶν
573 1497 671 1562 ὄντων
700 1497 903 1572 διατύπωσις·
933 1495 1118 1570 ὑπεξοιίσιος
1146 1494 1181 1556 δὲ
1212 1495 1249 1556 οὐ
1278 1493 1370 1557 δύνα-

246 1623 297 1662 ται
320 1601 365 1675 ὡς
387 1600 534 1682 βούλεται
556 1601 594 1664 τὰ
617 1600 712 1665 οίκεῒα
736 1597 918 1663 διατυποῡν·
943 1598 991 1660 έπί
1014 1595 1160 1660 τοσοῦτον
1184 1595 1251 1677 δὲέ)
1274 1599 1372 1659 κεκώ-

245 1706 332 1766 λυται
352 1701 558 1778 διατίθεσθαι,
582 1705 628 1766 ὅτι
651 1703 679 1766 εί
699 1701 749 1766 καί
773 1701 836 1784 ἐγώ
860 1703 877 1765 δ
900 1701 1019 1786 πατὴρ,
1042 1700 1092 1765 οἷα
1115 1700 1201 1784 φιλεῖ
1217 1697 1371 1781 γίνεσθαι,

245 1804 431 1889 θεραπεύων
453 1802 545 1868 αὐτὸν
567 1803 723 1889 ἐπιτρέψω
746 1802 833 1888 αὐτῷ
856 1803 900 1877 εἷς
929 1803 1002 1865 ὅσον
1023 1801 1171 1882 βούλεται
1191 1799 1293 1882 μέρος
1316 1803 1372 1881 τῆς

197 1907 227 1957 10
244 1907 322 1992 έμής
345 1905 511 1970 διαθέσθαι
533 1905 722 1990 περιουσίαις,
745 1907 800 1968 οὐκ
822 1903 959 1990 ἔρρωται
989 1905 1023 1967 τὸ
1054 1903 1133 1984 παρ’
1164 1899 1260 1966 αὐτοῦ
1283 1903 1369 1982 γενό·

242 2029 354 2091 μενον·
378 2009 413 2071 ου’
437 2009 489 2072 δεῖ
508 2010 567 2094 γὰρ
590 2008 713 2072 ίδιώτου
736 2008 862 2093 γνώμήν
892 2005 1096 2096 ίοχυροτέραν
1125 2004 1202 2067 εἶναι
1228 2009 1292 2067 τών
1324 2005 1372 2065 νά-

242 2135 319 2192 μων.
348 2107 404 2174 είσί
428 2109 463 2172 δέ
485 2109 593 2184 αἵτινες
615 2110 648 2172 έν
671 2110 904 2194 ὑπεξουσιιίτήτι
928 2107 1123 2186 διατίθενται,
1146 2107 1211 2171 οἷον
1234 2108 1263 2168 οί
1286 2105 1373 2192 ἔχον-

245 2235 289 2288 τις
315 2209 532 2277 canstr6nsi0n
561 2210 715 2294 pecl'llion.
769 2209 859 2273 τοῦτο
889 2210 926 2273 δὲ
954 2212 1008 2295 τήν
1038 2211 1137 2296 ἀρχὴν
1163 2209 1273 2293 μιίνοις
1301 2209 1372 2272 έπε-

243 2318 348 2401 τράπή
373 2317 576 2400 στρατιώταις
597 2314 636 2386 ἐξ
665 2313 828 2386 αὐθεντίας
859 2311 949 2376 τοῦτο
970 2314 1028 2397 μὲν
1057 2313 1247 2395 Αὐγούστου,
1278 2311 1372 2374 τοῦτο

95 2455 100 2463 -
196 2425 227 2475 15
245 2417 282 2480 δέ
305 2415 457 2499 Νὸτυαί),
481 2414 517 2479 οὐ
538 2417 599 2502 μήν
621 2415 769 2478 ἀλλὰκαὶ
791 2418 844 2478 τοῦ
874 2415 1003 2498 ’ἀρίστου
1033 2415 1189 2497 βασιλέως
1218 2413 1370 2478 Traiana.

241 2521 322 2601 μετὰ
344 2520 380 2584 δὲ
404 2523 500 2583 ταῦτα
522 2521 660 2595 διάταξις
682 2517 824 2582 Adrianfi
846 2518 1039 2602 δυσφοροῦσι
1062 2522 1126 2593 τοῖς
1139 2515 1305 2580 αθίτάυοίε
1320 2519 1371 2579 καί

244 2621 349 2696 αὐτοῖς
383 2622 535 2706 ἐπέτρεψε
544 2623 569 2702 ⁸)
603 2624 638 2685 τὸ
674 2621 869 2686 διατίθεσθαι
903 2620 936 2684 ἐν
970 2621 1212 2706 ὑπεξουσιιίτήτι.
1264 2620 1315 2682 καὶ
1343 2619 1373 2682 εί

242 2726 299 2807 μὲν
317 2725 487 2788 διάθωνται
509 2725 622 2800 πάντες
644 2727 672 2787 οί
695 2725 851 2811 εἰρημένοι
866 2725 912 2801 είς
925 2726 960 2787 τδ
978 2721 1196 2786 ουυείτὲυεὶου
1211 2720 1371 2802 pecfflion,

243 2826 371 2914 λήψεται
393 2830 483 2889 τοῦτο
506 2829 522 2888 δ
545 2829 626 2913 παρ’
650 2828 752 2890 αὐτῶν
774 2825 908 2912 γραφείς
935 2825 1143 2911 κληρονόμος,
1167 2824 1195 2886 εί
1216 2823 1253 2886 δὲ
1281 2822 1371 2888 ἀδιά-

192 2933 227 2984 20
243 2928 331 2993 θετοι
364 2930 566 3015 τελευτήσωσι
594 2931 674 3015 μήτε
702 2931 815 3004 παῖδας
849 2927 974 3017 ἔχοντες
1004 2933 1084 3014 μήτε
1115 2929 1177 3013 μήν
1210 2927 1371 3010 ἀδελφοὺς

243 3033 376 3107 ὑπόντος
402 3035 496 3117 κοινῷ
524 3031 631 3116 δικαίῳ
661 3034 706 3107 ὡς
734 3032 917 3116 οἱανδήποτε
947 3032 1112 3112 παγανικδν
1146 3027 1292 3112 ραοίθὶου
1322 3028 1371 3090 ἐπὶ

243 3135 316 3209 τοὺς
337 3137 437 3217 γονεῖς
460 3133 625 3222 ἔργεταιώ)
669 3134 758 3221 ήνίκα
781 3136 843 3218 γάρ
867 3157 910 3209 τις
935 3135 978 3220 μή
1005 3135 1159 3220 χρήσηται
1189 3135 1228 3216 τῇ
1255 3133 1367 3216 ριλοτι·

240 3236 379 3324 μήθείσή
402 3236 490 3321 αὐτῷ
512 3237 699 3322 καινοτομίᾳ,
723 3240 785 3313 τοίς
812 3237 951 3312 παλαίοις
968 3239 1064 3325 χώρα
1088 3234 1267 3320 νομήιοιςδ)
1314 3234 1369 3297 πά-

245 3341 294 3402 λαι
317 3338 353 3401 δέ
376 3341 521 3402 παντοίαν
548 3338 696 3422 ροαιίίίοα
723 3341 965 3425 τελευτήσαντος
995 3337 1049 3401 τοῦ
1079 3339 1190 3413 παιδὸς
1217 3339 1235 3400 ὁ
1264 3336 1369 3421 πατήρ

195 3441 229 3492 25
247 3440 432 3525 ἐλάμβανεν.
479 3442 586 3505 πολλοὶ
608 3443 757 3527 διαφοραὶ
783 3440 951 3524 παγανικοῦ
980 3443 1030 3504 καί
1052 3438 1251 3505 canstrensiu
1272 3457 1369 3521 pecu·

247 3615 439 3625 ——-.

313 3715 334 3780 1)
352 3714 420 3765 τίσιν
447 3714 479 3765 οὐ
501 3716 683 3783 συγγωρεῖται
706 3713 837 3782 διαθήκας
854 3715 939 3764 ποιεῖν
962 3711 1001 3765 Μ.
1019 3711 1068 3764 Ll.
1087 3710 1135 3763 m.
1159 3711 1231 3768 τίνες
1252 3708 1285 3759 οὐ
1304 3725 1368 3774 σογ-

244 3798 401 3865 γωροῦνται
419 3797 443 3850 δ.
462 3815 488 3848 π.
507 3797 548 3850 ed.
567 3801 621 3850 ant.
640 3796 671 3850 F.
689 3795 737 3848 Ινθ.
757 3797 787 3850 F.
805 3796 836 3851 R„
980 3795 1003 3863 δ)
1021 3794 1129 3860 εἴπομεν
1147 3792 1180 3846 ἂν
1200 3795 1233 3862 qj.
1254 3793 1287 3848 R.
1306 3809 1368 3847 cum

244 3881 338 3934 Gauel.
503 3883 526 3951 θ)
545 3883 599 3935 δαν.
621 3883 689 3935 διατ.
708 3882 758 3936 11⁶.
776 3881 818 3935 vi.
835 3883 870 3938 R.
1005 3884 1030 3949 4)
1048 3881 1111 3934 ἀλλ’
1130 3881 1173 3934 ἐπί
1192 3898 1251 3934 τοσ.
1270 3880 1313 3935 vi.
1333 3879 1367 3933 R.

244 3967 267 4030 ⁵)
285 3965 325 4019 ita
343 3966 394 4021 M.:
414 3968 517 4034 νεροιία
534 3967 584 4020 Ll.
603 3967 665 4021 [οἷς
686 3962 807 4037 Νέρουαι
825 3967 870 4023 R:
890 3963 999 4036 Νέρουο
1016 3968 1058 4020 vi.
1076 3967 1109 4021 R.
1204 3968 1227 4030 6)
1247 3966 1304 4033 γὰρ
1322 3965 1364 4019 ad.

245 4050 287 4105 vi.
306 4051 339 4106 R.
441 4053 464 4117 ⁷)
482 4051 617 4122 ἔργεσθαι
634 4052 676 4107 Vi.
695 4053 744 4109 ΕΙ,
848 4053 872 4118 ⁸)
890 4053 982 4117 νόμως
999 4051 1041 4107 vi.
1058 4052 1091 4107 R.

313 4175 340 4238 a)
358 4173 426 4241 Epa.
445 4175 487 4239 30,
510 4179 570 4240 laq.
607 4173 700 4227 Proch.
719 4177 762 4236 22,
784 4179 845 4242 lsq.
