3038 4884
601 409 812 474 ..29-

139 598 217 664 dnm
246 617 310 663 non
338 597 471 678 emplius
500 587 679 663 suffecturo.
732 596 911 678 praeualuit
933 602 1037 662 tamen
1060 615 1122 664 non
1145 602 1268 662 tanturn

140 716 372 800 inspiciendum
400 735 469 782 esse
492 735 532 781 an
558 715 708 782 soluendo
732 715 775 780 sit
797 715 1014 794 manumissor,
1039 721 1088 781 set
1110 714 1205 780 etiam
1228 733 1268 779 an

140 837 172 901 in
196 836 340 902 fraudem
363 835 552 902 creditorum
575 837 785 901 manumittat.
809 841 883 902 tune
906 835 988 901 enim
1011 835 1167 902 libertatis
1183 833 1268 899 datio

140 955 313 1038 impeditur
340 973 409 1020 cum
440 959 611 1040 utrumque
641 953 832 1020 interueniat
862 953 1025 1021 consilium
1052 959 1148 1036 utque
1177 972 1269 1020 euen-

142 1082 205 1142 tus.
243 1078 352 1160 ituque
373 1083 508 1160 utroque
530 1083 755 1155 concurrente,
780 1095 892 1144 seruus
922 1096 983 1142 non
1011 1076 1179 1151 liberatum
1207 1093 1270 1141 uno
1303 1073 1320 1126 ⁵

142 1215 220 1262 uero
243 1195 422 1277 deficiente,
448 1195 528 1262 iiber
557 1195 701 1262 efficitur.
754 1203 925 1276 utrumque
952 1203 1075 1274 eutem,
1105 1194 1269 1261 consilium

143 1322 241 1398 atque
264 1322 411 1381 euentum
433 1315 466 1382 in
488 1316 557 1381 eius
573 1316 657 1381 modi
673 1335 750 1382 casn
765 1316 838 1382 licet
853 1317 1098 1398 deprehendere.
1123 1323 1191 1381 erat
1206 1315 1270 1383 eui-

144 1437 218 1501 dam
234 1433 313 1500 000
328 1453 496 1500 aureorum
511 1435 743 1516 patrimonium.
767 1435 848 1501 idem
865 1454 978 1501 aureos
1001 1440 1156 1500 trecentos
1179 1434 1271 1499 debe-

142 1557 210 1622 bat.
256 1554 356 1620 uoluit
377 1556 408 1621 in
432 1553 573 1620 fraudem
596 1575 724 1621 suorum
748 1557 936 1622 creditorum
960 1573 1069 1621 seruos
1092 1573 1185 1620 manu
1201 1551 1272 1618 mit·

144 1680 224 1754 tere,
248 1673 342 1756 quiO
365 1676 470 1740 aureis
494 1674 647 1753 ualerent,
671 1681 706 1741 ut
729 1675 774 1740 ita
796 1675 1014 1757 patrimonium
1032 1693 1122 1740 suum
1146 1671 1197 1738 00
1219 1671 1271 1737 fie-
1293 1673 1324 1724 10

144 1797 196 1859 ret
218 1811 397 1859 aureorum.
429 1792 479 1859 hic
501 1800 670 1876 utrumque
692 1795 870 1870 interuenit,
894 1795 1055 1860 consilium
1079 1801 1110 1860 ct
1126 1797 1272 1871 euentus3

145 1913 230 1977 malo
254 1911 336 1976 enim
358 1911 487 1978 consilio
509 1913 542 1976 id
564 1912 652 1990 fecit;
677 1920 809 1979 euentus
821 1919 927 1978 autem
942 1912 1150 1978 creditoribus
1166 1910 1270 1977 fraudi

146 2031 217 2096 iuit.
264 2028 368 2096 deficit
390 2021 500 2095 autem
518 2037 651 2097 euentus
673 2033 705 2096 in
732 2032 885 2097 eiusmodi
914 2051 998 2096 cusu.
1047 2049 1117 2096 curn
1146 2031 1216 2112 quis
1238 2027 1272 2091 M

146 2166 315 2216 aureorum
338 2150 559 2229 patrimonium
582 2151 730 2228 haberet,
754 2148 831 2214 000
858 2156 982 2215 tuntum
1011 2165 1177 2214 aureorum
1200 2149 1272 2213 sub·

135 2261 297 2335 ¹stantium
320 2287 391 2334 sese
413 2269 529 2334 habere
551 2271 701 2351 putabat:
733 2269 867 2336 debebat
896 2288 973 2335 uero
1004 2267 1118 2334 0000.
1162 2284 1271 2332 seruos
1293 2277 1323 2327 ro

146 2407 232 2472 suos,
255 2387 309 2468 qui
332 2386 356 2453 0
379 2389 483 2454 aureis
506 2389 658 2468 ualerent,
681 2391 712 2454 in
736 2388 877 2455 fraudem
905 2389 1095 2454 creditorum
1123 2384 1272 2451 manumi-

146 2515 199 2580 sit.
245 2512 300 2579 ubi
322 2513 484 2579 consilium
507 2513 632 2594 quidem
656 2512 842 2594 pessimum,
872 2511 902 2574 in
931 2507 1073 2574 fraudem
1102 2506 1184 2572 enim
1207 2523 1273 2572 cre-

148 2633 288 2697 diturum
311 2633 513 2698 manumissio
536 2631 619 2698 iacta
642 2637 699 2710 est,
723 2638 856 2697 euentus
879 2635 983 2694 autem
1006 2647 1060 2694 eos
1082 2647 1143 2692 non
1171 2625 1272 2704 laesit,

147 2771 219 2818 cnm
250 2759 282 2816 et
313 2751 416 2832 pretio
438 2752 700 2816 manumissorum
723 2767 888 2814 seruorum
911 2748 1062 2824 deducto,
1086 2743 1273 2811 sufficientia

148 2871 359 2936 remanseriut
382 2869 476 2952 bone,
499 2887 580 2950 quae
602 2869 810 2934 creditoribus
832 2866 1037 2933 satisfaciant.
1089 2864 1195 2931 deficit
1221 2865 1273 2928 de·
1290 2880 1324 2931 20

146 3008 234 3054 mum
257 2988 418 3053 consilium
440 2988 473 3054 in
496 2988 648 3054 eiusmodi
671 2987 821 3070 exemplo.
865 3006 934 3053 cum
957 2986 1027 3069 quis
1052 2985 1083 3050 M
1107 3001 1272 3049 aureorum

146 3108 371 3189 patrimonium
400 3108 549 3186 haberet,
583 3114 615 3172 et
644 3106 748 3172 0000
779 3107 920 3184 deberet,
954 3124 1086 3188 peregre
1114 3103 1273 3200 proiectus

147 3233 207 3292 est.
259 3226 389 3292 fortuito
418 3228 553 3308 quodam
582 3245 657 3292 casu
684 3228 751 3292 eius
781 3226 948 3304 facultates
975 3225 1159 3289 imminutae
1189 3229 1272 3297 sunt,

148 3345 250 3410 ueluti
271 3345 403 3410 aedibus
426 3346 572 3420 incensis,
593 3354 649 3410 aut
671 3346 793 3424 dirutis,
815 3345 862 3410 ita
885 3352 921 3409 ut
942 3345 982 3408 ad
999 3341 1076 3408 000
1091 3359 1204 3406 aureos
1226 3361 1274 3406 re·

147 3464 350 3529 ducerentur.
378 3483 448 3530 cum
472 3464 608 3529 nondum
630 3483 706 3530 suae
729 3465 924 3529 substantiae
947 3463 1182 3527 diminutionem
1204 3478 1274 3525 nos·
1291 3465 1325 3516 2⁵
1410 3488 1419 3504 ·

148 3589 214 3662 set,
244 3601 354 3648 seruos
376 3584 546 3663 quosdam,
575 3583 629 3668 qui
652 3581 677 3647 0
700 3584 803 3648 aureis
826 3583 986 3661 ualerent,
1014 3588 1045 3646 et
1067 3581 1182 3666 quibus
1205 3597 1274 3664 pro-

147 3706 219 3782 pter
242 3720 350 3768 eorum
373 3720 449 3784 erga
470 3720 505 3767 se
527 3700 769 3767 beniuolentiam
792 3707 901 3783 gratus
925 3708 1007 3777 eret,
1031 3699 1220 3764 manumisit.
1243 3701 1273 3761 in

147 3811 303 3886 eiusmodi
338 3839 412 3886 casu
440 3819 557 3885 malum
591 3821 717 3900 quidem
750 3817 911 3886 consilium
946 3839 1007 3884 non
1041 3824 1106 3897 est,
1141 3822 1274 3882 euentus

147 3946 255 4006 autem
279 3939 489 4020 creditoribus
512 3938 615 4004 fraudi
638 3946 696 4017 est,
720 3937 886 4004 nonenim
910 3940 950 4004 ed
966 3956 1019 4004 aes
1048 3936 1182 4002 alienum
1205 3955 1275 4017 per-
