3038 4884
574 431 785 496 ..53-

128 635 162 682 ex
192 616 255 682 allo
288 616 424 683 naturali
453 635 510 684 seu
542 617 691 698 adoptiuo
728 617 807 696 lilio,
844 615 927 682 lilius
956 589 1082 700 quoque
1116 633 1244 681 consen-

127 734 183 800 tire
205 735 309 802 debet
353 753 423 802 cum
446 736 527 803 enim
550 741 675 802 mortuo
698 756 734 803 co
757 737 812 820 qui
833 736 1050 818 adoptauerit,
1073 734 1242 816 adoptatus

125 853 243 920 ineius
266 861 454 937 potestatem
476 855 519 920 sit
540 857 748 936 redigendus,
778 873 798 920 a
827 872 889 934 quo
919 873 989 919 eum
1012 851 1153 935 genitum
1175 869 1244 918 esse

124 991 175 1053 per
196 973 397 1054 adoptionem
419 972 527 1039 lictum
549 979 607 1051 est,
629 979 796 1054 propterea
818 977 943 1055 oportet
965 990 1035 1037 eum
1059 970 1244 1050 consentire,

124 1109 159 1156 ue
179 1092 282 1158 inuito
304 1110 381 1157 suus
403 1093 494 1159 heres
516 1094 736 1174 adgnascatur.
784 1099 834 1158 set
866 1111 904 1156 ex
930 1091 1086 1156 contrario
1119 1091 1146 1154 si
1174 1091 1245 1172 quis
1278 1089 1296 1141 ὅ

124 1229 188 1275 cum
210 1210 311 1276 filium
333 1212 448 1278 habeat
469 1218 564 1295 atque
580 1232 617 1277 ex
639 1231 676 1278 eo
698 1217 853 1293 nepotem,
875 1212 958 1276 huno
979 1211 1074 1275 allum
1097 1209 1247 1293 adoptan-

124 1330 193 1394 dum
216 1331 282 1407 det,
304 1350 366 1396 non
389 1338 437 1397 est
459 1350 586 1398 necesse
608 1331 707 1396 filium
730 1331 921 1412 consentire3
945 1336 1055 1411 estque
1076 1347 1116 1396 ea
1136 1330 1246 1410 quinta

88 1461 107 1511 a.
124 1447 305 1515 differentia.
359 1449 388 1514 8.
422 1451 538 1528 Quinto
567 1456 673 1516 autem
703 1450 781 1516 illud
814 1469 977 1515 commune
1008 1455 1065 1514 est.
1118 1449 1244 1514 namsi

123 1586 211 1648 quem
245 1568 279 1633 in
306 1569 540 1650 adrogationem
572 1569 763 1651 susceperim
794 1569 845 1634 uel
873 1569 905 1632 in
933 1568 1147 1649 adoptionem,
1177 1569 1245 1632 siue

123 1703 174 1765 per
200 1686 436 1766 imperatorem,
463 1687 531 1753 siue
560 1686 643 1770 apud
670 1693 846 1769 praetorem
868 1685 918 1751 uel
945 1685 1029 1768 apud
1060 1686 1244 1767 praesidem,
1264 1688 1297 1740 10

123 1804 290 1870 dummodo
318 1811 485 1871 extraneus
512 1824 573 1872 non
600 1807 658 1883 sit,
693 1808 775 1872 hunc
804 1804 858 1870 alii
884 1806 917 1869 in
943 1805 1140 1885 adoptionem
1169 1805 1245 1870 dare

123 1941 259 2002 possum.
293 1925 477 1992 sicutenim
499 1926 530 1991 in
554 1925 707 2006 plurimis,
730 1926 775 1990 lta
797 1924 829 1989 in
852 1925 911 1992 hoc
933 1943 1058 2008 quoque
1081 1924 1244 2004 adrogatio

88 2045 108 2097 9·
124 2047 153 2107 et
172 2043 303 2123 adoptio
325 2045 525 2110 conueniunt.
570 2047 600 2108 9.
634 2042 728 2110 Sexto
756 2051 862 2110 autem
891 2062 1053 2110 commune
1082 2049 1131 2109 est
1161 2045 1243 2109 inter

123 2161 357 2244 adrogationem
379 2170 412 2228 et
433 2163 648 2244 adoptionem,
671 2165 755 2244 quod
782 2165 813 2228 ln
837 2163 979 2230 eunucho
1008 2163 1109 2230 locum
1139 2163 1243 2230 habet.

124 2280 205 2346 llaec
227 2287 305 2347 ante
326 2283 430 2348 omnia
450 2290 621 2365 perspecta
637 2283 769 2350 habeas:
800 2283 933 2351 eunuchi
962 2302 1073 2349 nomen
1101 2300 1170 2347 cum
1193 2301 1245 2363 ge·
1265 2293 1296 2344 15

123 2400 226 2466 neralo
250 2401 301 2478 sit,
325 2399 477 2467 trifariam
499 2403 662 2486 accipitur.
691 2405 902 2470 eunuchorum
925 2406 1007 2470 enim
1030 2403 1157 2485 quidam
1172 2410 1246 2467 sunt

124 2520 286 2600 spadones,
310 2521 436 2602 quidam
459 2524 603 2601 castrati,
633 2523 686 2589 alii
709 2533 814 2590 autem
843 2523 983 2590 thlibiae.
1028 2530 1061 2588 et
1090 2523 1244 2606 spadones

124 2645 194 2704 sunt
222 2641 279 2720 qui
308 2648 438 2722 propter
469 2643 612 2708 morbum
645 2645 800 2723 quendam
834 2642 885 2709 uel
914 2643 1132 2723 frigiditatem,
1162 2659 1242 2722 quae

123 2760 263 2824 membra
283 2759 434 2841 genitalia
454 2761 613 2842 adfecerit,
637 2781 788 2843 generare
809 2781 870 2828 non
885 2768 1031 2844 possunt;
1054 2779 1116 2842 qua
1138 2768 1241 2827 tamen

124 2875 255 2956 liberati,
278 2896 387 2942 rursus
408 2887 570 2960 generant.
615 2881 746 2947 thlibiue
767 2885 872 2946 antem
895 2887 970 2946 sunt
999 2883 1052 2964 qui
1075 2901 1095 2945 a
1122 2881 1244 2948 nutrice
1261 2887 1296 2940 20

124 2993 200 3061 forte
222 2995 277 3062 uel
299 3004 441 3062 amatre
463 2996 679 3064 testiculorum
710 2999 928 3065 contritionem
958 3001 1043 3083 passi
1067 3007 1149 3064 sunt.
1194 3016 1245 3063 ca-

124 3117 211 3179 strati
248 3114 372 3180 demum
402 3121 477 3181 sunt
505 3115 619 3198 quibus
647 3117 797 3198 genitalia
830 3120 969 3185 membra
1003 3123 1129 3184 exsecta
1163 3124 1244 3182 sunt.

125 3249 190 3296 cum
212 3234 292 3298 haec
314 3233 373 3300 tibi
395 3241 560 3316 perspecta
580 3237 653 3312 sint,
678 3236 751 3302 uide
773 3237 849 3318 quid
872 3238 944 3304 inde
966 3243 1125 3318 sequatur.
1152 3252 1245 3315 quae·

125 3352 214 3416 situm
238 3359 288 3418 est
310 3370 350 3417 an
373 3354 534 3419 eunuchus
556 3355 707 3437 adoptare
728 3358 845 3438 possit:
876 3363 908 3421 et
938 3355 1103 3421 dicendum
1126 3359 1175 3418 est
1197 3372 1245 3419 ca·

125 3476 256 3539 stratum
279 3471 405 3553 quidem
428 3475 461 3538 et
482 3472 623 3540 thlibiam
647 3492 708 3540 non
723 3495 815 3560 posse
831 3475 980 3558 adoptare
995 3492 1096 3555 neque
1111 3479 1244 3555 patrem·
1263 3485 1296 3536 no
