3038 4884
552 389 763 456 ..63-

107 579 245 662 personis
267 594 349 661 quac
370 578 401 644 in
423 582 581 660 potestate
603 594 664 643 non
686 583 761 644 sunt
782 578 935 660 quaedam
957 575 990 644 in
1014 576 1219 658 tutelerunt,

106 698 257 779 quaedam
286 699 317 762 in
345 697 521 776 curatione,
555 697 711 779 quaedam
741 714 842 778 neque
868 698 900 764 iu
928 697 1028 766 tutela
1055 715 1156 780 neque
1188 698 1220 763 in

105 817 272 884 curatione.
323 822 372 884 aet
403 834 475 884 cunr
501 816 607 899 plures
634 817 698 882 sint
726 818 781 899 qui
807 813 921 885 neutro
947 819 1016 886 iure
1044 821 1220 894 teneantur,

106 935 303 1016 dispiciamus
324 936 363 1002 dc
384 934 443 1014 his,
466 936 520 1016 qai
540 933 573 1000 in
589 934 689 1002 tutela
709 934 761 1002 uel
781 936 941 1003 curatione
956 943 1039 1016 nunt,
1062 937 1117 1020 qui
1139 937 1220 1004 enim

104 1053 202 1119 inhis
224 1073 288 1120 non
310 1061 392 1133 sunt,
415 1060 503 1137 patet
531 1053 648 1120 inillis
677 1073 755 1123 esne.
807 1074 844 1122 ac
872 1056 961 1139 prius
990 1056 1153 1124 uideamus
1181 1059 1221 1123 dn
1255 1055 1272 1105 ὅ

104 1173 157 1253 his,
180 1173 237 1255 qui
259 1176 291 1240 in
314 1175 413 1241 tutela
435 1183 518 1240 sunt.
541 1175 573 1240 in
595 1173 708 1257 primia
729 1175 811 1242 enim
832 1176 1048 1243 admonendus
1070 1195 1104 1242 es
1126 1175 1220 1244 filins·

105 1292 232 1360 familias
260 1294 292 1360 in
320 1294 419 1360 tutela
445 1312 604 1376 nunquam
634 1311 719 1374 csse,
749 1313 820 1362 narn
850 1295 883 1362 id
913 1297 944 1361 in
974 1297 1023 1362 sui
1051 1296 1131 1364 iuria
1152 1314 1221 1377 per·

74 1425 91 1474 1.
105 1413 184 1480 nonis
207 1418 332 1480 tantum
354 1420 513 1497 receptum
537 1423 595 1482 est.
631 1416 659 1478 l.
689 1415 732 1480 Et
753 1415 785 1479 in
806 1414 915 1498 primis
937 1413 1121 1482 definiamus
1142 1415 1219 1497 quid

105 1531 199 1598 tutela
211 1533 264 1598 sit
279 1533 379 1600 tutela
393 1541 450 1610 eet,
462 1540 499 1600 ut
510 1533 640 1600 Seruius
653 1533 804 1613 definiuit
816 1535 866 1600 ina
876 1551 913 1602 ac
923 1539 1063 1618 potestas
1074 1535 1106 1600 in
1118 1534 1220 1616 capite

103 1649 195 1718 libero
207 1653 285 1717 data
296 1657 328 1718 et
339 1652 380 1717 ad
391 1651 423 1716 id
435 1654 585 1717 tuendum
602 1652 787 1734 excogitata,
800 1651 851 1718 nel
861 1658 990 1734 propter
1000 1655 1114 1719 aetatis
1125 1652 1222 1720 imbe
1241 1660 1273 1711 10

71 1791 89 1841 a.
104 1769 270 1848 cillitatem,
293 1790 374 1854 quae
395 1790 430 1837 ae
452 1769 618 1838 defendere
639 1777 782 1855 nequeat,
805 1773 874 1837 iure
895 1771 987 1838 ciuili·
999 1771 1161 1854 permissa.
1189 1773 1219 1836 2.

105 1889 234 1956 Tutores
258 1890 355 1971 igitur
377 1896 465 1966 aunt,
487 1891 540 1972 qui
562 1890 657 1956 talem
680 1891 744 1956 uim
767 1909 803 1958 ac
825 1895 1013 1974 potestatem
1035 1891 1165 1973 habent,
1189 1898 1221 1959 et

105 2026 208 2074 curam
238 2007 351 2092 pupilli
380 2027 490 2091 gerere
521 2010 636 2076 debent
662 2008 791 2093 eiusque
820 2010 901 2077 bona
929 2029 1067 2078 seruarc.
1116 2031 1155 2077 ex
1182 2029 1219 2078 co

105 2133 205 2194 antem
226 2127 330 2194 officio
352 2146 415 2213 qno
436 2129 610 2212 funguntur
631 2147 744 2196 nomen
766 2134 925 2210 ceperunt.
953 2130 1100 2196 dicuntur
1114 2135 1220 2196 autem

105 2245 194 2316 latine
216 2257 394 2328 tutores,
421 2250 512 2332 quasi
533 2251 680 2328 tuitorea,
710 2251 794 2317 idest
821 2251 874 2331 qni
901 2266 953 2316 res
981 2247 1091 2331 pnpilli
1121 2250 1220 2314 tutius
1241 2266 1271 2317 ro

106 2373 228 2433 ternant
262 2385 394 2449 cumque
421 2387 551 2451 prorsus
580 2368 756 2436 defendant.
805 2368 897 2435 sicuti
926 2367 1044 2434 aeditui
1073 2366 1221 2435 dicuntur

73 2487 281 2552 esacerdotes
303 2488 356 2567 qni
383 2486 477 2553 aedes
499 2493 638 2552 tuentur.
682 2488 713 2552 3.
746 2489 788 2554 Et
815 2488 948 2571 primum
977 2487 1139 2552 uideamus
1166 2485 1221 2569 qui

106 2604 214 2686 quibus
237 2612 360 2672 tutores
382 2606 569 2690 relinquant.
612 2613 734 2674 tutores
764 2607 946 2690 relinquunt
974 2612 1119 2687 parentes
1146 2606 1219 2672 libe·

106 2724 144 2790 ris
164 2726 241 2806 suis,
265 2744 343 2809 quos
365 2725 398 2791 in
420 2732 576 2809 potestate
597 2727 724 2806 habent
745 2727 778 2793 in
800 2730 1000 2794 eramento.
1043 2744 1145 2808 neque
1167 2725 1221 2791 ob·

106 2848 164 2911 stat
183 2844 270 2927 quod
291 2851 386 2912 antea
408 2844 526 2910 dictum
555 2852 603 2912 ent
629 2844 844 2912 filiosfamiliaa
874 2861 1034 2924 nunquam
1061 2844 1093 2909 in
1121 2842 1221 2911 tutela
1237 2853 1271 2904 ao

106 2980 182 3045 eane3
204 2965 367 3031 sciendum
390 2973 439 3032 ent
461 2967 543 3032 enim
561 2965 696 3048 relinqui
711 2964 837 3049 quidem
852 2971 988 3032 tutorem
1002 2963 1218 3040 filiofamilias,

107 3089 150 3148 aet
169 3084 225 3167 qui
248 3089 320 3165 pont
342 3091 474 3151 mortem
496 3086 595 3166 patris
618 3091 705 3150 tutor
730 3103 800 3150 ease
827 3082 970 3165 incipiat,
1001 3082 1121 3148 scilicet
1148 3100 1219 3146 cum

107 3198 155 3266 filii
176 3202 228 3268 sui
251 3204 328 3268 iuris
349 3203 424 3270 iacti
445 3204 524 3269 sint:
548 3211 622 3270 tnnc
644 3205 728 3270 enim
750 3223 831 3288 quae
854 3208 1042 3269 testamento
1065 3201 1219 3266 contineo·
