3022 4884
543 401 777 468 -1ae-
905 485 907 492 Α

114 587 208 656 iaetu
231 594 264 655 et
284 605 345 656 usu
367 595 400 656 et
420 587 616 656 habitatione
637 589 794 672 tetigissaa
817 588 858 658 de
869 587 1045 658 hereditate
1059 594 1168 658 autern¹
1187 595 1225 659 et.

113 709 148 774 da
167 706 409 791 obligationibus
431 709 497 775 auis
520 697 597 775 locis
619 715 822 792 proponetur.
870 728 940 777 uum
967 709 1150 778 summatim
1169 729 1220 778 aa·

110 828 301 908 posuerimus
323 827 438 912 quibus
460 828 559 896 modis
587 828 725 896 naturali
752 827 821 896 iure
850 847 900 896 res
927 829 1136 912 adquirimus,
1166 847 1220 898 ne·

116 965 194 1013 cesse
216 952 269 1013 est·
288 947 391 1015 dicere
412 949 526 1030 quibus
548 949 648 1015 modis
670 949 809 1031 legitimo
831 959 864 1016 et
884 946 971 1017 ciuili
992 949 1060 1016 iure
1082 967 1132 1016 res
1147 948 1220 1017 alie·

108 1085 157 1134 nas
177 1066 343 1150 adquirere
365 1087 542 1150 possumus.
1252 1067 1271 1120 ⁶

168 1679 215 1748 De
249 1681 495 1764 usucapionibus
528 1687 561 1748 et
591 1679 676 1763 longi
708 1678 860 1764 temporis
888 1679 1145 1762 possessionibus.

569 1831 695 1900 Titulus
717 1835 746 1898 6.

179 2018 356 2102 Postquam
373 2019 532 2087 naturales
553 2018 778 2102 adquisitiones
807 2019 1058 2098 traotauerimus,
1081 2020 1121 2089 de
1142 2021 1219 2105 legi·

106 2137 181 2204 imis
204 2138 415 2223 dispiciamus.
457 2139 487 2206 ‘ai
509 2138 580 2221 quis
602 2157 668 2205 ram
691 2157 779 2206 suam
801 2139 877 2206 mihi
899 2140 1020 2219 tradat,
1042 2139 1146 2222 palam
1168 2148 1217 2208 est

107 2257 269 2326 dominium
291 2278 341 2326 me
362 2261 538 2343 adquirere.
582 2259 657 2341 quid
680 2265 795 2338 autem,
818 2261 845 2326 ai
866 2258 1001 2328 alienam
1023 2276 1106 2340 rem,
1127 2259 1216 2328 crues

105 2375 239 2445 domiuus
263 2398 325 2445 non
347 2379 456 2454 fuerit,
478 2380 549 2460 quie
571 2381 646 2445 mibi
668 2377 857 2446 tradiderit?
877 2398 953 2472 num
974 2380 1143 2446 dominium
1156 2380 1216 2446 boo

106 2515 173 2564 asu
193 2499 389 2567 transierat?
410 2517 606 2583 nequaquam
629 2519 719 2586 saue;
748 2500 903 2584 quomodo
932 2501 1014 2568 enim
1041 2502 1125 2585 quod
1154 2519 1215 2567 non
1235 2513 1269 2564 uo

106 2611 258 2686 babebat?
279 2618 356 2704 quid
378 2638 453 2704 ergo
475 2620 547 2687 eet?
568 2619 730 2688 transtulit
751 2620 784 2686 in
806 2639 857 2687 me
876 2638 969 2702 quam
989 2620 1126 2688 habebat
1146 2638 1218 2705 pos-

105 2738 282 2814 sessiouem
304 2758 406 2824 neque
428 2740 460 2805 id
481 2741 572 2823 parui
594 2741 769 2808 ducendum
796 2747 854 2808 est
899 2740 926 2807 si
948 2740 1032 2806 enim
1052 2741 1134 2808 bona
1155 2739 1218 2810 fida

105 2873 163 2922 ren
184 2859 358 2941 aeaepeuim
379 2859 473 2940 (bona
494 2857 572 2926 fides
593 2859 625 2925 in
648 2880 685 2927 eo
707 2859 859 2940 consistit,
883 2867 919 2927 ut
937 2879 995 2944 ego
1017 2861 1143 2928 credam
1163 2862 1219 2930 do-

105 2973 214 3042 miuum
237 2995 309 3042 euru
332 2995 402 3044 esse
423 2977 570 3062 quimihi
592 2980 710 3045 uendat
731 2986 787 3046 aut
809 2979 904 3047 donet
925 2980 1028 3047 aliaue
1050 2999 1112 3064 qua
1132 2980 1217 3047 iusta

103 3109 189 3160 causa
210 3097 311 3162 ueluti
333 3115 371 3162 ex
392 3099 621 3180 permutatione
643 3117 710 3165 rem
732 3099 861 3182 tradat),
884 3099 957 3166 olim
979 3101 1006 3166 ai
1028 3100 1149 3168 mobilis
1164 3118 1215 3168 ree
1235 3116 1267 3169 15

104 3219 188 3294 esset,
210 3221 285 3299 post
303 3234 419 3281 annum
441 3217 584 3283 dominus
605 3215 717 3283 fiebam
740 3215 809 3284 siue
830 3219 861 3284 iu
877 3217 978 3297 Italia,
1002 3219 1070 3285 siue
1091 3218 1122 3283 in
1144 3237 1215 3300 pro·

106 3330 208 3408 uinoiis
229 3334 391 3417 degerem,
414 3336 461 3402 sin
484 3341 588 3420 autem
611 3335 793 3416 immobilia,
818 3343 891 3421 post
912 3337 1083 3417 biennium,
1113 3337 1139 3402 si
1169 3343 1215 3404 la-

105 3461 168 3516 men
189 3452 305 3520 iuudus
327 3454 379 3522 uel
402 3455 513 3522 domus
541 3455 689 3522 initalia
717 3462 817 3539 esset,
846 3475 867 3524 a
895 3475 946 3523 me
971 3457 1214 3540 usucapiebatur

105 3575 134 3635 et
152 3575 209 3641 sub
230 3593 336 3641 meum
357 3576 560 3659 redigebatur
582 3575 770 3644 dominium:
800 3578 895 3661 idque
920 3575 989 3660 lega
1010 3575 1072 3642 XII
1093 3577 1217 3646 tubula-
1271 3616 1274 3648 t
