3096 4890
603 467 742 512 -Xlx
788 483 829 495 ·-

158 641 241 716 sunt,
266 635 337 701 libri
359 653 436 702 uero
459 636 538 701 ΙΙΙ“·
561 643 592 701 et
615 636 708 700 llll⁰¹
729 653 811 702 saec.
828 631 941 700 ΧΙΙΙΙ0
962 639 1017 700 ant
1037 630 1121 698 XV⁰
1142 632 1277 716 suppleti

158 761 240 820 sunt.
286 755 325 820 de
347 755 451 820 codice
474 729 665 821 Vaticano
691 774 737 837 gr.
760 753 843 818 2063
873 771 986 835 magna
1015 754 1167 836 quaedam
1195 752 1278 820 tama

156 875 421 957 percrebuerat¹)‚
443 894 504 940 non
527 881 630 940 tamen
654 874 775 940 merito.
811 879 860 940 est
882 872 1049 939 admodum
1070 873 1213 952 mutilus,
1242 879 1278 940 ut

156 994 233 1072 at,
256 992 313 1073 20,
337 992 378 1057 20
408 993 545 1075 incipiat
595 994 816 1059 Recensionem
848 990 980 1058 mediam
1011 993 1167 1073 quandam
1194 993 1277 1058 inter

155 1113 362 1195 antiquiorem
390 1113 474 1178 illam
504 1121 536 1179 et
564 1114 695 1180 alteram
722 1113 925 1178 recentiorem
953 1111 1097 1193 praebet;
1126 1112 1193 1177 eius
1222 1131 1276 1178 ua·

155 1235 273 1298 riantes
296 1233 462 1315 diligenter
484 1231 603 1298 contuli
625 1239 657 1298 et
679 1232 710 1297 in
739 1230 822 1297 calce
853 1231 1009 1297 adnotaui.
1048 1231 1172 1298 saeculo
1194 1229 1276 1296 ΧΙΙο

155 1351 222 1418 lere
250 1359 395 1417 exaratus
423 1370 492 1416 esse
520 1353 656 1417 uidetur.
707 1369 768 1416 non
800 1348 890 1416 l'acile
918 1349 1031 1415 librum
1061 1350 1275 1432 neglegentius

154 1472 304 1553 scriptum
327 1470 470 1537 inuenire
492 1472 562 1551 quis
585 1477 705 1550 posset,
729 1470 869 1551 adeoque
895 1468 1014 1536 crebris
1044 1468 1163 1535 lacunis
1190 1469 1275 1536 labo·

154 1600 212 1670 rat,
237 1600 273 1657 ut
294 1593 347 1656 uix
368 1589 602 1674 ὁμοιοτέλευτον
629 1590 823 1671 reperiatur,
845 1591 921 1670 quin
952 1591 1087 1671 scriptor
1108 1589 1208 1655 bonus
1230 1586 1273 1652 lo·

153 1731 222 1778 cum
257 1713 412 1792 integrum
439 1711 644 1777 describendo
672 1710 932 1792 praetermiserit:
968 1714 1071 1775 utrum
1101 1709 1203 1774 taedio
1232 1725 1272 1774 an

153 1850 261 1898 somno
283 1831 402 1913 plenior
424 1849 484 1896 non
508 1829 615 1896 statim
638 1831 707 1912 quis
730 1831 905 1896 coniecerit.

236 1967 360 2033 Primus
382 1968 462 2034 liber
482 1968 514 2033 in
530 1967 813 2046 Laurentiano,
837 1967 961 2040 LXXX,
980 1967 1017 2032 18
1033 1967 1172 2049 bombyc.
1190 1984 1270 2033 saec.

152 2087 268 2152 llllll.
291 2088 496 2153 desideratur.
545 2088 641 2153 codex
669 2089 768 2154 bonae
798 2095 889 2153 notae
916 2093 964 2153 est
993 2095 1025 2152 et
1053 2087 1092 2152 ad
1122 2089 1272 2154 recentio-

150 2225 215 2273 rem
248 2207 459 2274 recensionem
491 2209 618 2289 propius
646 2207 778 2274 adcedit.
831 2209 861 2271 in
890 2226 927 2272 eo
959 2207 1064 2290 plures
1097 2205 1207 2273 scholii
1239 2213 1271 2272 et

151 2333 314 2393 stemmata
344 2326 504 2410 complura
535 2329 566 2392 in
597 2325 772 2392 scholarum
807 2343 896 2392 usum
930 2325 1071 2393 conlecta
1103 2326 1270 2410 conspicua

150 2453 233 2526 sunt,
256 2466 336 2529 quae
359 2447 467 2512 eadem
489 2465 583 2511 manu
606 2453 679 2511 sunt
701 2445 831 2512 adiecta
867 2464 959 2511 manu
976 2448 1149 2528 posteriore
1172 2448 1267 2530 (saec.

149 2567 203 2632 XV
213 2567 234 2641 ⁰,
259 2573 295 2632 ut
316 2566 454 2649 uidetur)
478 2566 594 2646 scholia
616 2565 714 2632 latina
741 2567 848 2632 addita
877 2572 960 2631 sunt.
1012 2565 1150 2644 Quorum
1181 2565 1269 2633 scho-

147 2687 258 2752 liorum
280 2705 380 2769 pauca
400 2689 623 2766 tantummodo,
646 2708 715 2754 cum
739 2689 830 2770 plura
851 2689 998 2771 temporis
1021 2688 1184 2770 angustiae
1207 2707 1266 2753 non

150 2806 297 2887 sinerent,
322 2806 498 2874 describere
513 2811 618 2891 potui:
641 2808 736 2890 digna
751 2816 854 2873 tamen
877 2827 1006 2890 prorsus
1029 2816 1110 2888 sunt,
1134 2809 1267 2891 quaein

149 2925 247 2992 lucem
270 2926 477 3009 proterantur.
525 2929 641 2994 utinam
665 2934 771 3008 posset
791 2929 862 3011 quis
885 2928 1004 3012 aliquas
1028 2931 1165 3002 notitias,
1188 2947 1267 3011 quae

148 3046 331 3126 praesertim
354 3047 393 3113 ad
416 3046 577 3112 historiam
602 3048 714 3112 horum
737 3049 911 3113 studiorum
940 3047 972 3113 in
996 3045 1087 3113 Italia
1109 3047 1268 3116 illustran-

147 3167 217 3232 dam
239 3166 407 3248 conterant,
430 3167 502 3233 inde
525 3165 665 3234 haurire!

232 3303 324 3370 Hand
347 3305 513 3372 deterioris
543 3313 635 3372 notae
659 3313 707 3373 est
728 3303 803 3372 Cod.
828 3306 1128 3372 Laurentianus
1151 3303 1192 3380 X,
1217 3307 1266 3386 16,

146 3423 199 3505 qni
222 3425 296 3491 item
320 3427 532 3492 recensionem
555 3428 712 3493 iuniorem
736 3427 906 3507 praesefert
928 3433 960 3492 et
976 3443 1056 3492 saec.
1072 3425 1137 3492 lere
1152 3426 1267 3491 llllll⁰

146 3551 290 3610 exaratus
323 3551 380 3611 est.
437 3547 542 3613 Bonae
576 3553 667 3615 notae
701 3555 749 3614 est
782 3545 857 3614 Ood.
893 3545 1107 3613 Palatinus
1145 3564 1191 3627 gr.
1217 3547 1267 3620 19,

145 3664 227 3730 unde
258 3665 531 3733 Bruxeliensis
559 3665 620 3731 403
650 3673 745 3747 atque
776 3665 1073 3734 Laurentianus
1097 3665 1221 3744 LXXX,
1245 3665 1264 3730 6

49 3865 51 3868 Ι
145 3782 291 3868 descripti
329 3792 411 3851 sunt.
467 3788 584 3854 Romae
623 3793 862 3853 commorantem
906 3788 1055 3869 temporis
1100 3786 1264 3869 angustiae

145 3922 192 3970 me
231 3906 475 3987 prohibuerunt,
514 3908 677 3988 quominus
718 3914 817 3973 totum
860 3925 931 3974 eum
971 3907 1108 3975 codicem
1146 3905 1264 3974 conier-

187 4163 234 4302 a?
262 4159 433 4232 Gundling
462 4161 490 4216 in
520 4163 726 4233 Gundlingianis
751 4163 778 4218 ll
803 4168 859 4220 105.
906 4167 939 4220 cl.
968 4161 1176 4221 Rendieonti
1200 4161 1217 4216 l.
1241 4175 1265 4218 o.

144 4262 170 4315 p.
222 4288 229 4303 .
