3038 4884
691 409 902 478 ‚35-

343 732 390 798 De
410 732 451 798 iis
473 733 528 816 qui
549 732 599 797 sui
620 731 672 800 uel
693 731 789 799 alieni
809 732 887 798 iuris
909 736 995 798 sunt.
1004 733 1031 816 1)
1076 729 1204 796 Titulus
1226 731 1256 798 8.
1297 731 1300 745 '

327 885 533 972 Πεπλήρωται
562 887 631 972 ὴμῖν
658 888 677 973 ἡ
706 888 816 972 πρώτη
843 890 906 950 τῶν
940 887 1116 970 προσώπων
1146 883 1302 971 διαίρεσις,
1326 883 1367 948 έν

245 987 407 1075 ᾗελρκγται
430 977 479 1052 Ιδ’τι
507 989 570 1052 τῶν
600 987 779 1074 ἀνθρώπων
805 990 834 1051 σί
858 987 917 1073 μέν
944 988 1020 1052 εἰσιν
1050 986 1232 1073 ἐλεύθεροι,
1265 987 1294 1051 οἱ
1328 985 1370 1049 δὲ

246 1091 359 1170 δοῦλοι,
383 1093 431 1157 καλ
457 1082 502 1156 θτι
530 1091 583 1178 ἠδ)
611 1091 736 1156 δουλεία
761 1091 878 1175 ἄτομύν
903 1114 931 1154 τι
959 1089 1056 1171 ἐστίν,
1082 1087 1102 1177 ἡ
1130 1089 1167 1153 δὲ
1193 1087 1365 1171 ἐλευθερία

247 1194 408 1281 διαιρεῖται
429 1195 474 1271 ελς
496 1194 563 1258 δύο.
606 1197 669 1257 τῶν
691 1194 751 1277 γὰρ
781 1191 961 1278 ἐλευθέρων
990 1194 1019 1256 οἱ
1044 1193 1102 1277 μὲν
1110 1192 1136 1275 ³)
1164 1191 1313 1273 εὐγενεῖς,
1337 1192 1371 1254 οῖ

213 1297 284 1362 ὅδὲ
306 1297 523 1383 ἀπελεύθεροι.
568 1299 616 1361 καί
643 1295 663 1383 ἦ
685 1297 744 1381 μὲν
767 1296 905 1379 εύγένεια
927 1297 1059 1382 ἄτομος,
1087 1293 1107 1382 ἣ
1132 1294 1168 1358 δὲ
1197 1291 1369 1358 ἀπελευθε-

244 1400 342 1487 ρότιγς
368 1402 462 1464 παίλαι
483 1401 621 1487 διῃρεῖτο
643 1399 688 1475 είς
711 1400 791 1482 τρία.
836 1403 899 1463 τῶν
922 1399 982 1486 γὰρ
1015 1396 1237 1480 ἀπελευθέρων
1260 1399 1289 1460 οί
1308 1395 1366 1481 μὲν

248 1501 386 1584 ἐγίνοντο
409 1504 526 1566 πολῖται
545 1504 690 1587 ῥωμαίοι,
714 1504 743 1565 οί
765 1501 800 1565 δὲ
821 1500 933 1567 latinoi
954 1500 1105 1578 iunianoL
1136 1502 1165 1564 οἱ
1192 1500 1228 1563 δὲ
1258 1497 1371 1564 dediti·

249 1605 319 1671 cioi.
369 1603 611 1692 προσεθήκαμεν
646 1604 681 1666 δὲ
711 1593 756 1667 ὅτι
783 1605 838 1690 τὴν
867 1603 983 1688 αἵρεσιν
1018 1607 1082 1666 τιδν
1111 1601 1292 1667 dediticiam
1320 1602 1374 1664 καί

249 1706 379 1771 latinwn
400 1707 502 1770 ἀνεῖλε
525 1706 687 1790 διαφόροις
710 1705 887 1779 διατάξεων
909 1708 927 1769 δ
947 1705 1179 1789 εὐσεβέστατος
1201 1704 1289 1791 ὴμῶν
1312 1703 1370 1787 βα-

202 1815 235 1867 10
251 1809 393 1892 σιλεὺςί),
416 1803 496 1884 ιθςτε
517 1809 621 1872 λοιπδν
649 1810 698 1871 καί
725 1809 779 1895 τὴν
808 1808 1085 1895 δπελευθερύτητα
1116 1807 1191 1871 εἷναι
1219 1805 1367 1892 μονοειδῆ

252 1910 397 1996 καθάπερ
420 1909 504 1976 ἐστίν
526 1908 713 1997 ᾑείιγένεια.
758 1911 900 1993 λεγέσθω
923 1911 959 1974 δὲ
981 1913 1028 1974 καί
1050 1911 1185 1994 δευτέρα
1211 1911 1274 1973 ταῖν
1298 1932 1376 1993 προ·

255 2013 370 2079 σώπων
393 2014 551 2098 διαίρεσις.
584 2016 647 2099 τῶν
669 2014 730 2096 γὰρ
752 2013 931 2099 ἀνθρώπων
952 2015 981 2078 οί
1006 2013 1065 2098 μέν
1086 2013 1160 2076 εἰσιν
1187 2009 1373 2089 ὑπεξούσιοι,

254 2119 282 2181 οξ
304 2117 340 2180 δ’
362 2115 596 2198 αύτεξυύσιοιί),
619 2116 772 2180 τουτέστιν
795 2117 823 2180 οί
843 2117 901 2202 μὲν
923 2116 1001 2180 ἰδίου
1024 2115 1153 2194 δικαίου,
1177 2115 1205 2178 οἱ
1228 2113 1264 2176 δὲ
1286 2113 1375 2176 ἀλλο·

253 2219 385 2305 τρίουύ)
426 2219 582 2304 μάθωμεν
604 2217 659 2284 σύν
682 2219 836 2303 πρότερον
859 2222 928 2305 περὶ
950 2222 1013 2282 τῶν
1036 2217 1247 2291 ύπεξοοσίων·
1275 2211 1373 2282 ἔντεῦ·
1410 2211 1414 2224 '

206 2341 238 2394 15
255 2320 313 2386 θεν
335 2323 395 2409 γὰρ
417 2318 520 2410 ἡμὶνί)
543 2321 563 2409 ὴ
585 2326 694 2401 γνῶσις
715 2323 794 2406 καὶὸ)
817 2325 887 2409 περί
914 2322 979 2388 τῶν
1006 2322 1216 2396 αύτεξουσίωυ
1246 2322 1377 2408 γενήσε·

255 2448 314 2489 ται.
359 2416 427 2489 θσοι
449 2425 510 2508 γὰρ
534 2425 579 2511 μὴ
607 2423 643 2489 έν
663 2424 784 2502 τούτοις
813 2427 974 2514 πρόδηλον,
997 2417 1042 2488 θτι
1072 2425 1107 2490 έν
1137 2430 1199 2502 τοῖς
1228 2423 1374 2496 αύτεξου-

257 2527 334 2604 σίοις
361 2527 445 2593 ελσίν.
496 2524 516 2613 ὴ
541 2525 577 2590 δέ
605 2525 827 2614 θπεξουσιύτης
855 2528 975 2610 λέγεται
1003 2533 1154 2611 potesta&
1204 2526 1317 2614 ταύτην
1340 2523 1376 2587 δὲ
1433 2505 1439 2528 ⁸

257 2626 367 2716 ἔχομεν
396 2627 416 2716 ἢ
444 2629 520 2692 κατὰ
548 2631 612 2693 τῶν
639 2621 801 2715 ἡμετέρων
829 2619 998 2716 ολκετῶνῆ
1026 2630 1102 2693 κατὰ
1130 2631 1192 2693 τῶν
1213 2623 1376 2714 ἡμετέρων

258 2731 386 2796 παίδων.

207 2845 242 2896 20
347 2840 374 2902 l.
409 2835 467 2900 Καὶ
488 2837 642 2921 πρότερον
665 2837 904 2924 σκοπὴσωμενθ)
928 2839 997 2923 περὶ
1018 2841 1081 2901 τῶν
1101 2835 1200 2899 ύντων
1226 2835 1260 2898 in
1285 2835 1417 2914 poto-1.

259 2943 343 3006 state
364 2941 427 3004 τῶν
449 2939 578 3002 οἰκείων
597 2939 768 3010 δεσποτῶν.
813 2938 876 3004 ἔστι
898 2940 933 3004 δὲ
960 2943 1104 3021 potestas
1133 2935 1154 3024 ὴ
1178 2937 1259 3021 ἄκρα
1288 2935 1378 3009 ε’ξου·

261 3044 321 3109 σία.
364 3040 442 3128 αὕτη
466 3040 501 3104 δὲ
523 3039 543 3128 ἢ
565 3041 642 3104 κατὰ
663 3049 723 3105 τιῦν
753 3043 880 3108 οἰκετῶν
901 3042 1124 3128 θπεξουσιύτης
1146 3037 1378 3122 iurisgentiaffl)

260 3143 353 3208 έστιν.
397 3141 434 3209 ού
456 3143 553 3227 μύνον
576 3143 635 3226 γὰρ
659 3144 744 3227 παρὰ
769 3145 923 3230 ῥωμαίοις
946 3149 1040 3212 τούτο
1070 3144 1277 3222 πολιτεύεται,
1302 3143 1379 3205 ἀλλὰ

261 3251 309 3315 καί
330 3249 414 3331 παρὰ
435 3247 500 3320 τοῖς
528 3243 631 3320 ἄλλοις
659 3243 764 3310 ἔθνεσι
794 3251 842 3311 καὶ
872 3247 973 3323 οὕτως
1002 3247 1067 3314 ε’στί
1091 3249 1222 3334 μεγίστη
1251 3246 1330 3332 αὕτη
1361 3243 1381 3331 ἣ

209 3350 244 3402 25
262 3349 501 3436 ύπεξοοσιότγς,
536 3338 585 3412 δ’τι
615 3348 702 3414 uitae
734 3351 882 3434 necisque
914 3355 1109 3435 potestatem
1148 3351 1268 3440 εἴχομεν
1303 3346 1379 3411 κατὰ

262 3455 375 3530 αύτῶν,
398 3452 538 3517 τουτέστι
561 3453 643 3539 ζωῆς
665 3453 714 3516 καὶ
742 3453 880 3518 θανάτου
908 3452 1061 3536 ἐξουσίαν,
1084 3456 1131 3518 καὶ
1160 3453 1236 3541 ἐξῆν
1264 3450 1379 3538 mvn)

262 3558 433 3632 ἀκινδύνως
455 3555 584 3630 τούτους
606 3554 828 3641 ἀποσφάττειν.
855 3561 904 3622 καί
926 3552 1124 3645 θπερδήποτε
1145 3557 1195 3620 διὰ
1216 3553 1280 3618 τῶν
1302 3553 1377 3619 ολκε·

330 3745 353 3808 1)
373 3740 443 3810 Περί
459 3746 518 3796 τῶν
537 3749 588 3798 τοῦ
606 3743 674 3799 ἰδίου
692 3745 709 3813 ἢ
728 3743 874 3814 ἀλλοτρίου
896 3744 997 3796 δικαίου
1017 3742 1102 3797 ὄντων
1125 3742 1186 3798 add.
1210 3741 1286 3804 libri,
1311 3740 1381 3794 inter

263 3841 330 3898 quos
347 3826 396 3879 Ll.
415 3825 465 3881 12².
484 3827 531 3881 alii
551 3825 633 3888 ‘rives
654 3828 753 3898 λδίουῆ
775 3827 921 3897 ἀλλοτρίου
944 3828 1044 3880 δικαίου
1067 3826 1158 3880 είσιίι’.
1196 3826 1252 3880 Hos
1269 3831 1377 3879 secutus

264 3917 304 3968 est
320 3911 363 3966 vi.
382 3909 413 3967 R.
490 3912 514 3979 ί)
531 3912 580 3976 μὲν
599 3913 659 3968 add.
678 3913 710 3968 R.
779 3914 802 3983 ³)
821 3913 890 3966 εἰσίν
909 3912 940 3967 R.
1042 3915 1066 3982 4)
1083 3913 1099 3964 δ
1116 3911 1211 3978 εύσεβ.
1230 3911 1274 3980 ήμ.
1291 3910 1320 3976 β,
1340 3909 1381 3962 δν.

264 4001 337 4065 διαφ.
355 3998 423 4051 διατ.
441 3997 475 4052 R.
589 3999 611 4064 ⁵)
629 3999 671 4052 sui
687 3998 753 4052 iuris
770 3999 908 4052 τουτέστιν
927 3998 995 4051 ἰδίου
1014 3999 1118 4050 δικαίου
1136 3997 1187 4050 11².
1210 4063 1214 4076 ¹
1311 3997 1335 4064 ⁶)
1353 3995 1382 4048 P.

266 4088 316 4137 cet.
335 4080 545 4138 αύύ.”δικαίοο’.
647 4084 670 4152 7)
687 4082 765 4151 ἡμῶν
784 4083 815 4139 Ρ.
916 4083 939 4152 ⁸)
957 4083 975 4151 ι)
993 4084 1023 4137 Ρ.
1144 4083 1167 4151 9)
1184 4081 1336 4145 -σύμεθα
1352 4081 1382 4134 Ρ.

264 4167 295 4222 F.
313 4168 346 4223 R.
447 4171 483 4236 1⁰)
500 4169 566 4225 iuris
584 4169 703 4238 gentium
720 4169 754 4225 R.
854 4172 890 4237 11)
906 4171 977 4240 ἡμᾶς
993 4167 1036 4223 Vi·
1054 4168 1086 4225 Β.
