3058 4890
629 433 668 445 -
712 395 775 462 235
820 435 866 471 -*

184 589 235 654 tas
251 579 665 664 menandrianorum
695 584 805 650 mortis
833 589 974 666 oemnnre
997 603 1041 650 au
1068 583 1227 652 editionis
1260 587 1304 650 at

161 701 284 784 ,magis
299 701 423 784 olacuit
443 719 512 768 eam
535 702 696 768 testatoris
719 703 829 768 mortis
851 707 990 784 tompore
1018 704 1169 786 mactari:
1189 703 1303 786 itaque

184 821 347 902 nsque-ad
380 819 548 885 aditionem
572 820 609 885 si
643 821 718 904 qnid
737 820 851 887 damni
880 822 1040 888 7occiderit
1067 840 1236 905 rerumque
1254 821 1305 887 di·

185 939 316 1008 minutio
338 940 406 1005 siue
426 947 520 1005 aucta
541 939 605 1005 sint
627 941 718 1019 bona,
738 940 772 1005 id
794 940 956 1023 legatariis
978 942 1061 1025 quod
1084 941 1124 1007 od
1139 941 1304 1006 'falcidiam

185 1079 286 1142 neque
314 1061 438 1125 nocebit
465 1076 566 1140 neque
592 1061 747 1142 proderit;
783 1068 832 1126 set
866 1063 1047 1142 utriusque,
1083 1061 1305 1128 deminutionis
1338 1069 1355 1121 n

182 1198 296 1262 nempe
318 1187 350 1245 et
372 1179 563 1257 incrementi,
586 1179 826 1252 effectosheres
854 1179 978 1246 sentiet
1028 1186 1065 1245 ut
1094 1199 1180 1247 ecce:
1211 1180 1305 1246 hahe-

187 1299 244 1364 hot
265 1296 336 1380 quis
359 1295 383 1362 O
405 1315 571 1364 aureorum
599 1299 838 1381 patrimonium
868 1299 893 1364 G
922 1296 1055 1380 legauit:
1085 1299 1185 1382 liquet
1213 1317 1305 1381 posse

183 1419 332 1484 heredem
361 1437 400 1482 ex
429 1417 497 1498 lage
518 1416 652 1482 falcidia
680 1418 768 1483 XXV
798 1436 912 1484 aureos
941 1420 1093 1497 retinere,
1124 1419 1207 1484 idest
1233 1437 1307 1501 qua·

182 1540 339 1603 drentem.
389 1537 486 1603 dilata
513 1538 667 1614 aditione,
693 1539 845 1619 quaedam
875 1556 931 1619 per
961 1556 1070 1603 seruos
1091 1537 1306 1602 'hereditarios

187 1656 356 1722 hereditati
378 1661 453 1732 sunt,
472 1658 632 1736 quaesita3
654 1655 707 1721 uel
729 1657 809 1722 enirn
833 1673 882 1722 en⁴
899 1661 992 1738 partu
1022 1655 1223 1733 ancillarum,
1253 1656 1305 1721 uel
1325 1673 1358 1727 10

188 1796 225 1842 ex
254 1777 320 1841 ictu
348 1777 502 1856 pecudum
530 1783 651 1841 tantum
678 1777 814 1843 adcessit
835 1777 1017 1854 hereditati,
1047 1781 1083 1841 ut
1101 1777 1201 1842 heres
1231 1793 1307 1856 qua·

188 1897 330 1962 drentem
344 1897 412 1960 ,sihi
428 1897 544 1962 habere
566 1895 799 1980 possitneque
821 1896 946 1962 falcidia
968 1915 1046 1980 opus
1064 1897 1119 1962 sit.
1155 1901 1214 1963 set
1236 1913 1306 1961 cum

188 2014 473 2098 sacramanta
504 2023 627 2096 mmptrs
655 2035 724 2082 esse
752 2017 971 2096 spectandum,
1000 2025 1074 2083 tunc
1102 2023 1208 2082 autem
1231 2022 1308 2083 tern-

187 2135 273 2216 poris
291 2134 424 2200 ¹iulcidiu
445 2154 524 2216 opus
547 2134 657 2213 fucrit,
675 2136 768 2217 *quod
793 2136 921 2200 interim
947 2135 1080 2200 accessit
1099 2135 1215 2200 heredi
1236 2156 1307 2218 pro-

188 2255 285 2320 derit:
307 2255 373 2336 ipse
396 2255 476 2320 enim
499 2254 699 2320 nihilominus
721 2260 863 2335 quartam
881 2252 905 2318 O
927 2273 1093 2320 aureorum
1116 2263 1236 2338 partem
1255 2273 1308 2320 re·
1327 2276 1358 2328 re

188 2373 310 2452 tinebit,
333 2380 365 2440 et
378 2381 492 2439 cetera
514 2393 595 2456 quoe
618 2382 816 2441 accesserunt
839 2374 925 2438 lucro
947 2371 1083 2439 habebit.
1121 2394 1159 2438 ex
1182 2374 1306 2440 diuerso

187 2493 221 2558 id
243 2512 368 2576 quoque
400 2493 613 2574 dispiciamus:
645 2511 715 2560 cnm
744 2494 814 2575 quis
842 2490 866 2557 Ο
894 2511 1061 2558 aureorum
1087 2492 1306 2573 patrimonium

188 2613 327 2693 haberet,
346 2611 465 2680 Lxxv
487 2613 617 2694 legauit:
642 2619 735 2693 ¹patet
763 2632 823 2678 non
847 2618 992 2694 oportere
1014 2631 1051 2677 ex
1072 2611 1199 2678 falcidia
1220 2612 1307 2678 here·

180 2734 258 2799 dem
281 2739 424 2813 quartam
447 2738 567 2814 partem
590 2731 735 2808 retinere
751 2750 827 2796 cum
851 2749 917 2797 earn
931 2750 978 2795 ex
1002 2730 1171 2797 uoluntate
1194 2731 1309 2798 haheat

182 2855 358 2918 testatoris.
402 2857 474 2933 post
489 2851 588 2916 huius
618 2857 722 2917 autem
745 2859 880 2916 mortem
908 2857 981 2916 aute
1009 2850 1125 2936 aditam
1148 2850 1309 2916 heredito-
1325 2863 1360 2916 20

183 2977 251 3036 tem
274 2973 367 3036 aedes
383 2970 598 3036 'hereditariae
619 2971 764 3067 incendio
786 2972 970 3052 absumptae
992 2977 1083 3050 sunt,
1105 2977 1161 3035 aut
1183 2969 1308 3034 naufra-

189 3094 239 3174 gio
262 3111 312 3158 res
335 3093 544 3158 hereditariae
573 3094 735 3175 perierunt
762 3101 817 3157 aut
845 3092 952 3158 serui
982 3090 1165 3157 hereditarii
1193 3092 1308 3155 mortui
