3058 4890
608 426 834 490 -220-

102 634 147 684 21.
157 617 197 682 ab
220 635 258 682 eo
279 616 373 682 uiuus
395 615 538 680 dominus
560 613 687 679 residua
708 613 859 696 petiisset.
899 613 949 678 21.
972 611 1037 679 Neo
1059 616 1180 676 tantum
1204 629 1271 676 oor·

154 734 286 816 pordes,
308 739 358 799 set
378 740 411 801 et
431 733 641 816 incorporales
665 751 715 799 rea
737 731 836 814 legari
858 735 997 813 possunt.
1032 750 1129 815 quare
1151 732 1178 796 si
1200 732 1270 812 quis

154 855 228 919 mihi
250 872 362 920 aureos
385 852 409 918 0
432 855 534 931 debet,
557 869 683 940 possum
704 853 876 926 actionem,
906 869 986 934 quae
1014 850 1089 915 mihi
1116 853 1269 919 aduersus

154 991 225 1039 eum
247 975 402 1055 competit,
423 972 477 1041 alii
499 973 613 1054 legare.
658 973 781 1052 cogitur
801 978 906 1036 autem
928 971 1020 1070 heres
1047 971 1127 1037 hano
1154 972 1270 1054 legata·

155 1093 201 1158 rio
233 1098 405 1174 praestare.
460 1091 509 1158 sin
539 1099 645 1159 autem
674 1098 862 1158 testamento
896 1092 1101 1174 supernitens
1131 1091 1268 1158 debitum
1303 1084 1320 1135 ⁵

155 1215 287 1294 petiero,
308 1213 446 1296 legatum
468 1214 667 1296 extinguitur.
697 1213 756 1278 hoo
777 1213 873 1295 igitur
894 1231 970 1279 oasa
992 1212 1196 1293 incorporalis
1218 1231 1269 1279 res

154 1331 356 1415 relinquitur:
379 1333 460 1398 aetio
482 1334 564 1398 anim
585 1331 690 1412 legata
711 1339 768 1398 est.
814 1333 898 1398 ualet
926 1333 1064 1415 legatum
1092 1333 1151 1396 hoo
1178 1333 1269 1398 modo

153 1451 315 1519 relictum:
342 1452 529 1517 »damnas
552 1459 636 1517 esto
657 1452 770 1517 heres
792 1451 909 1516 illius
932 1437 1265 1518 aedes'reficerm

155 1571 205 1636 uel
240 1571 412 1636 »Titium
445 1589 533 1638 aere
565 1571 694 1638 alieno
727 1573 926 1651 liberare,
961 1592 1037 1656 quo
1071 1580 1265 1639 tenetur«

104 1692 207 1760 2222.
241 1688 276 1755 Si
297 1691 366 1773 quis
387 1692 574 1773 generaliter
596 1709 723 1757 seruum
750 1692 800 1758 uel
823 1691 993 1774 quamlibet
1020 1691 1114 1758 aliam
1139 1712 1204 1759 rem
1227 1691 1271 1761 le·
1290 1684 1322 1735 ¹⁰

156 1812 280 1894 gauerit
301 1812 349 1876 his
371 1810 491 1878 uerbis:
524 1811 640 1876 »huic
662 1813 851 1877 hominem
873 1813 920 1877 do
942 1812 1052 1894 lego«
1083 1812 1134 1878 uel
1159 1813 1271 1879 »huic

155 1949 292 2014 equum
315 1930 359 1995 do
381 1929 501 2010 lega«
527 1930 669 2013 queritur
690 1931 755 1995 utri
777 1931 870 1997 detur
891 1930 1018 2012 eleoti03
1039 1936 1146 1997 utrum
1160 1931 1269 1998 heredi

155 2053 191 2114 ut
210 2067 303 2132 quem
326 2051 403 2116 uelit
426 2050 538 2126 soluat,
560 2070 600 2115 an
622 2052 772 2133 legatario
801 2057 851 2132 ut,
880 2053 933 2133 qui
961 2053 1019 2118 sibi
1047 2053 1169 2133 placeat
1191 2053 1269 2118 aooi·

154 2169 229 2248 piat.
266 2177 299 2237 et
319 2172 419 2252 magis
441 2177 548 2237 estut
569 2170 739 2252 legatarius
753 2171 935 2238 electionem
955 2172 1079 2250 habeat,
1102 2172 1162 2236 nisi
1183 2171 1270 2237 aliud

102 2313 145 2368 23,
155 2263 334 2370 specialiter
356 2291 469 2356 dixerit
490 2297 632 2357 testetur.
678 2292 728 2356 23.
760 2292 904 2374 Optiouis
931 2292 1068 2374 legatum
1095 2293 1177 2357 idest
1199 2310 1268 2356 oum
1290 2288 1321 2340 15

154 2409 320 2476 defunctus
341 2412 524 2492 legatarium
546 2413 672 2478 iusserit
693 2432 731 2478 ex
754 2431 812 2477 sua
828 2411 956 2489 familia,
981 2413 1030 2476 uel
1046 2431 1083 2476 ex
1098 2429 1156 2477 sua
1171 2417 1269 2488 ueste,

153 2531 203 2616 uel
225 2530 314 2595 libris
337 2537 454 2612 optare,
477 2532 687 2596 condicionem
703 2531 734 2595 in
757 2531 924 2612 semetipso
946 2530 1050 2596 habet.
1073 2547 1171 2612 quare
1185 2529 1213 2593 si
1228 2529 1271 2595 le-

152 2647 294 2728 gatarius
311 2651 421 2715 uiuens
443 2668 504 2716 non
520 2651 687 2731 optauerit,
711 2656 759 2714 set
781 2654 855 2714 ante
876 2650 1032 2731 optionem
1055 2656 1196 2715 mortuus
1218 2647 1270 2726 sit,

153 2767 293 2850 legatum
315 2769 355 2834 ad
378 2769 444 2833 eius
466 2769 612 2834 heredem
639 2787 700 2833 non
730 2769 954 2834 transmittitur
974 2774 1103 2851 propter
1125 2769 1201 2834 iuris
1223 2788 1270 2835 re·

154 2887 269 2970 gulam,
292 2906 372 2976 quae
394 2891 439 2954 ait
459 2889 597 2970 legatum
620 2890 678 2955 sub
693 2889 872 2954 condicione
894 2889 1037 2955 relietum
1057 2889 1084 2953 si
1099 2889 1270 2970 legatarius
1287 2874 1323 2926 ²⁰

152 3013 227 3074 aute
249 3007 437 3074 condicionis
460 3014 575 3073 euentu
598 3008 759 3089 moriatur,
781 3008 822 3072 ad
843 3008 991 3074 heredem
1013 3025 1074 3073 non
1090 3008 1270 3073 transmitti.

155 3129 239 3210 optio
261 3134 367 3194 autem
389 3134 463 3193 tuno
492 3127 541 3208 fit,
570 3147 639 3194 cum
670 3134 803 3194 testator
831 3129 922 3195 dicit:
954 3134 1114 3211 »optato
1143 3128 1270 3192 Titius

153 3269 197 3314 ex
219 3253 304 3313 tota
326 3267 406 3312 mea
427 3246 578 3313 familia
600 3267 715 3314 uuum
743 3267 929 3314 seruum«
976 3256 1024 3315 set
1046 3248 1123 3313 haeo
1144 3245 1269 3331 quidem

152 3368 240 3448 olim;
269 3369 454 3434 sanctissimi
477 3388 553 3434 uero
574 3370 721 3452 principis
743 3369 843 3435 nostri
873 3369 1056 3434 constitutio
1084 3368 1117 3432 id
1147 3386 1270 3450 quoque

152 3491 184 3554 in
211 3489 368 3556 meliorem
397 3495 513 3554 statum
542 3488 733 3556 reformauit.
784 3488 872 3554 dedit
901 3488 984 3554 enim
1011 3488 1119 3555 heredi
1147 3505 1270 3573 quoque
1288 3485 1321 3536 25
