3058 4890
697 413 929 476 -219-

261 599 374 666 σθέντα
394 605 484 685 μενεῖ
502 599 588 686 παρὰ
614 601 660 687 τῷ
687 599 879 686 κληρονόμῳ.
922 599 958 662 τὸ
986 598 1048 684 γάρ
1078 595 1214 660 τοιοῦτον
1242 597 1381 682 ληγάτον

261 725 281 770 ε
302 708 406 771 Πιστία
426 703 590 768 testatoris
612 705 780 790 προχωρεῖ.
813 701 911 765 ταῦτα
935 701 972 765 δέ
992 700 1073 783 λέγω
1095 700 1141 762 ότι
1164 699 1201 762 τὰ
1223 697 1379 786 κτηθέντα

259 808 338 892 μετὰ
361 807 413 892 τήν
435 805 511 893 ἐμήν
534 806 676 892 τελευτήν
698 805 735 869 υό
757 805 875 867 δίδοται
896 805 943 888 τῷ
965 801 1160 889 ληγαταρίιρ,
1187 802 1214 864 εἰ
1240 802 1294 887 μὴ
1311 799 1378 882 ἄρα

260 911 299 973 τὰ
320 908 519 992 ἐπιγενόμενα
541 909 576 971 ἐκ
597 907 808 992 πρωτοτόπων
837 908 1026 992 πραγμάτων
1056 903 1153 968 ὄντων
1183 903 1217 967 ἐν
1247 907 1292 991 τῷ
1319 923 1378 988 pe·

227 1011 352 1097 δουλίῳ
375 1011 588 1097 προςγέγονεν.
634 1011 697 1075 οἷον
719 1011 896 1094 θεράπαινα
916 1010 956 1098 ἦν
982 1009 1016 1073 ἐν
1038 1011 1083 1094 τῷ
1104 1007 1237 1092 ρθααίἰῳ
1260 1008 1308 1070 καλ
1329 1006 1379 1070 τέ-

260 1135 364 1178 τοκεν·
397 1116 495 1199 ἀγρός
525 1115 574 1176 καλ
608 1115 769 1195 γεγόνασιν
796 1109 940 1177 ἐντεῦθεν
948 1114 973 1196 ¹)
1002 1112 1123 1196 καρποί.
1175 1110 1309 1196 ὀφείλεις
1339 1111 1378 1172 δέ

262 1215 375 1280 εἰδέναι
396 1217 441 1279 ότι
463 1215 719 1299 ἐλευθερουμένῳ
741 1219 788 1298 τῷ
815 1214 915 1302 οἰκέτῃ
939 1215 972 1276 ἐν
994 1212 1128 1300 διαθήκῃ
1153 1213 1209 1301 οὐχ
1238 1211 1377 1294 ἐπεταιέ)

261 1321 296 1382 τδ
316 1316 470 1402 ρθαίιίἰου.
515 1315 599 1380 εἰδὲ
620 1316 704 1382 inter
729 1317 852 1398 uiuos⁸)
875 1316 968 1380 αὐτόν
995 1315 1217 1399 ἐλευθερώσω,
1247 1315 1379 1402 λήψεται

260 1419 297 1484 τὸ
319 1419 464 1503 pomilion
490 1423 507 1483 ό
535 1419 777 1503 ἐλευθερωθεὶς,
808 1421 835 1484 εἰ
861 1421 904 1506 μή
933 1419 996 1506 ἄρα
1025 1419 1130 1493 ἰδικῶς
1158 1417 1377 1500 ademptefisw

214 1529 245 1581 10
262 1523 346 1588 αὐτό.
391 1521 480 1586 τοῦτο
502 1524 562 1609 γὰρ
585 1521 734 1609 Σεβήρος
759 1525 808 1588 καί
833 1521 996 1600 Ἀντωνῖνος
1024 1521 1220 1605 ἀντέγραψαν
1244 1523 1271 1583 οί
1292 1519 1377 1583 θειό-

262 1646 355 1688 τατοι.
400 1623 475 1686 όδὲ
498 1621 574 1707 ἐμδς
596 1623 714 1711 οἰκέτης
736 1622 799 1712 ἔχει
820 1623 853 1686 ἐν
880 1623 1013 1708 ρεαυλίῳ
1042 1623 1077 1686 οὐ
1103 1622 1201 1707 μόνον
1226 1624 1284 1686 όσα
1306 1625 1381 1684 κτᾶ-

262 1748 311 1788 ται
339 1725 376 1798 ἐξ
404 1724 586 1813 οίαςδήποτε
614 1727 726 1806 αίτίας,
753 1727 830 1790 ἀλλὰ
859 1729 906 1790 καλ
936 1726 990 1790 ἐάν
1018 1749 1046 1789 τι
1074 1725 1242 1812 δαπανήσῃ
1273 1723 1378 1806 περὶ4)

263 1825 404 1924 ἐμὲ-τὸν
434 1829 604 1916 δεσπότην,
638 1833 730 1893 τοῦτο
766 1827 852 1903 αὔξει
878 1831 914 1893 τὸ
939 1827 1098 1913 ρεαίιλίοτι.
1148 1827 1212 1890 οἷον
1240 1825 1302 1915 ελγέ
1330 1848 1381 1901 τις

263 1954 285 2016 ᾳ
314 1932 398 2012 νυοί)
423 1931 583 2014 Ροείιλίοο,
614 1932 810 2020 ἐγρεώστουν
839 1932 876 1996 δέ
902 1933 990 2018 αὐτῷ
998 1932 1024 2015 ⁶)
1054 1928 1166 1995 ἑκατὸν
1196 1930 1380 2014 νομίσματα,

214 2053 246 2105 15
263 2035 344 2119 άπερ
366 2032 456 2122 ἔτυχε
479 2037 549 2117 περὶ
570 2033 625 2119 ἐμὲ
652 2037 846 2123 δαπανήσας.
895 2034 983 2100 ἔσται
1009 2032 1045 2097 τὸ
1073 2031 1218 2116 pecl'ssion
1249 2031 1379 2114 adroffl)

258 2136 364 2224 χιλίων
384 2138 433 2200 καί
455 2135 565 2200 ἑκατὸν
588 2139 793 2223 νομισμάτων.
837 2138 864 2201 εἰ
887 2138 984 2201 τοίνυν
1014 2133 1069 2199 τὸν
1099 2137 1236 2199 τοιοῦτον
1258 2133 1380 2220 οἰκέτην

262 2238 470 2323 ἐλευθερώσω
497 2238 531 2302 ἐν
558 2239 708 2327 διαθήκῃ,
735 2240 915 2326 ληγατεόσω
943 2239 980 2303 δὲ
1007 2239 1095 2324 αὐτῷ
1127 2234 1163 2302 τὸ
1187 2235 1378 2321 ραοίιλίοηῦ),

262 2342 345 2425 ότεθ)
365 2343 424 2425 μὲν
445 2342 597 2426 λαμβάνει
619 2343 656 2406 τὰ
672 2343 754 2432 χίλια
777 2343 947 2427 νομίσματα
962 2341 1231 2426 συνωμολόγηται·
1254 2337 1318 2424 ἀρα
1340 2337 1380 2400 δέ

264 2445 370 2509 καὶτὰ
395 2444 520 2523 ἑκατὸν,
551 2445 632 2527 ἅπερ
662 2443 750 2533 ἔτυχε
779 2446 959 2532 δαπανήσας
987 2447 1056 2529 περὶ
1087 2441 1141 2518 ἐμὲ
1150 2443 1204 2523 ¹⁰);
1234 2443 1263 2505 οἱ
1292 2441 1381 2504 αὐτοὶ

212 2561 246 2613 20
262 2548 401 2631 βασιλεῖς
421 2547 616 2632 ἀντέγραψαν
636 2547 680 2632 μή
703 2545 781 2634 ἔχειν
804 2545 898 2610 αὐτὸν
919 2545 968 2609 ἐπὶ
995 2544 1115 2620 τούτοις
1138 2543 1316 2630 ἀπαίτησιν,
1340 2543 1380 2606 τὰ

263 2651 323 2734 γὰρ
346 2650 378 2713 ἐν
401 2649 557 2737 προχείρῳ
579 2649 652 2712 ὄντα
680 2647 775 2722 ἔδοξα
802 2649 979 2735 ληγατεόειν
1008 2647 1113 2732 αὐτῷ,
1142 2646 1179 2709 αθ
1205 2649 1267 2732 μὴν
1295 2646 1379 2731 ἅπερ

264 2750 439 2836 ἐδαπάνησε
461 2752 531 2834 περὶ
552 2751 625 2826 τοὺς
653 2751 748 2836 ἐμοδς
774 2752 944 2837 λογισμούς.
995 2749 1049 2814 ἐὰν
1078 2749 1114 2813 δέ
1139 2751 1195 2813 τὸν
1225 2749 1381 2834 διοικητήν

264 2858 319 2940 τῆς
344 2852 422 2939 ἐμής
448 2853 599 2936 οόσίαςῃ)
628 2854 836 2939 ἐλευθερώσω
866 2855 899 2919 ἐν
927 2854 1060 2942 διαθήκῃ
1090 2851 1150 2918 όπδ
1179 2853 1294 2939 αἵρεσιν
1323 2855 1380 2938 τήν

265 2956 318 3019 ἐὰν
352 2959 497 3044 παράσχῃ
531 2957 693 3042 λογισμοὺς
725 2962 779 3044 τῆς
811 2957 932 3039 ἰδίαςθ)
966 2958 1166 3043 διοικήσεως,
1199 2954 1380 3042 ληγατεόειν
1483 2995 1487 3002 -

213 3077 247 3131 25
265 3057 351 3145 αὐτῷ
372 3057 456 3122 δοκῶ
478 3057 514 3122 τδ
536 3059 681 3143 ρευθίἰου
704 3062 752 3124 καὶ
772 3061 869 3144 λέγειν
892 3063 950 3146 (ώς
976 3067 1040 3136 τοῖς
1069 3061 1174 3136 αὐτοῖς
1202 3059 1297 3147 ἤρεσε
1319 3058 1382 3141 βα·

264 3159 408 3244 σιλεῦσιν)
431 3160 468 3225 ἐκ
488 3166 541 3225 τοῦ
564 3161 729 3239 δοκοῦντος
756 3164 843 3249 αὐτῷ
868 3161 1142 3249 ληγατεόεσθαιῑέ)
1165 3160 1292 3246 peculia
1313 3159 1380 3224 δεῖν

265 3262 358 3328 αάτδν
382 3264 447 3339 ’γτὰς
479 3264 629 3340 λοιπάδας
656 3265 868 3348 καταβάλλειν.
920 3264 1018 3329 πόθεν
1050 3265 1156 3349 γὰρθ)
1186 3263 1305 3350 οἰκέτης
1334 3261 1380 3326 ών

264 3366 394 3453 ήμελλεν
416 3365 614 3452 ἀποπληροῦν
635 3368 674 3430 τὰ
698 3365 942 3452 έπορειλόμενα,
971 3368 1061 3452 εἰμὴ
1091 3366 1130 3432 έκ
1157 3371 1211 3432 τοῦ
1242 3363 1379 3450 peculim

265 3468 304 3541 ἐξ
322 3467 359 3531 οὗ
380 3467 493 3554 ήμελλε
514 3468 726 3550 καταβάλλειν.
739 3470 766 3532 εἰ
786 3471 836 3533 καλ
858 3470 921 3544 ζῶν
943 3472 960 3531 ό
983 3469 1135 3555 δεσπότης
1150 3468 1264 3555 ἀπῄτει
1286 3465 1380 3531 αλιτδν

266 3777 288 3842 1)
305 3776 428 3829 ὲταῢθα
444 3775 487 3828 Ἦ.
506 3774 537 3830 R.
594 3775 618 3842 ¹)
635 3775 708 3847 αὐτῷ
719 3776 762 3830 ad.
775 3776 806 3830 V.
825 3776 875 3830 11⁶.
943 3777 966 3842 ⁸)
984 3775 1073 3832 uiuios
1084 3777 1134 3831 M.:
1154 3773 1319 3844 ἰντερβίβως
1329 3774 1379 3828 L⁶.

265 3863 288 3922 4)
306 3861 376 3928 πρὸς
393 3860 425 3915 V.
499 3863 522 3927 ⁶)
536 3860 608 3932 χίλια
627 3880 693 3913 ν-α
711 3862 747 3916 Μ.
849 3862 874 3932 ⁶]
892 3861 935 3913 καί
952 3861 994 3917 αδ.
1015 3863 1052 3916 Μ.
1070 3863 1102 3916 V.
1124 3861 1176 3914 L⁶.
1248 3861 1270 3930 ⁷)
1290 3859 1380 3913 addidi

267 3961 301 4000 ex
318 3944 355 4002 Μ.
373 3946 422 3998 Ll.
440 3942 471 3998 V.
490 3945 538 3999 12⁶.
624 3948 647 4016 8)
665 3947 752 4000 αὐτοῦ
766 3947 859 4017 χιλίων
876 3947 973 4000 ἑκατόν
992 3949 1041 4002 νυο
1057 3947 1103 4002 ad.
1121 3946 1170 4002 Ll.
1256 3946 1280 4010 ⁹)
1298 3946 1324 4000 d.
1342 3944 1381 3998 M.

266 4031 301 4097 1⁰)
318 4049 345 4083 π,
363 4047 385 4083 ε.
403 4029 426 4083 δ.
445 4029 485 4083 Vi.
504 4030 534 4084 F.
553 4029 585 4085 R.
603 4032 672 4095 ἐμοῦ
689 4033 726 4085 Μ.
829 4035 864 4100 11)
884 4032 967 4092 αἰκίας
986 4031 1018 4086 V.
1036 4047 1069 4086 m.
1092 4036 1135 4087 la.
1226 4030 1379 4099 1²)01121a3

265 4115 298 4170 V.
317 4113 358 4168 Vi.
375 4113 407 4169 R.
510 4115 545 4183 1⁸)
562 4116 655 4185 ληγατ.
673 4117 734 4171 αάτ.
751 4116 801 4171 hl.
820 4116 868 4170 11².
888 4118 929 4172 vi.
947 4116 980 4172 R.
1059 4118 1128 4183 114)
1145 4116 1171 4173 (1.
1189 4116 1222 4171 G.
