2990 4884
576 371 786 436 ...83-

418 696 466 764 Da
487 698 694 764 curatoribus.
738 698 860 765 ‘titulus
884 699 934 762 23.

209 884 246 950 In
268 885 481 968 superioribus
503 885 695 968 propositum
718 890 767 952 est
788 886 938 968 quosdam
961 886 992 950 in
1016 884 1124 964 tutela,
1148 903 1241 968 quos·

117 1005 195 1070 dam
217 1003 249 1068 in
271 1021 346 1069 cura
368 1021 446 1083 esse,
468 1004 619 1084 quosdam
642 1009 749 1070 autem
771 1009 883 1070 neutro
905 1005 973 1069 iure
988 1002 1098 1070 teneri.
1123 1011 1155 1070 ct
1169 1021 1239 1070 cum

118 1124 162 1188 de
184 1123 340 1188 tutoribus
363 1122 603 1189 tractaucrimns
626 1129 658 1189 et
680 1128 757 1206 quot
786 1123 849 1189 sint
870 1124 987 1190 tutelae
1010 1125 1098 1205 (sunt
1118 1127 1238 1190 antem:

118 1243 358 1308 testamentaria
380 1243 586 1324 adgnatorum
608 1261 663 1308 seu
686 1242 823 1325 legitima
852 1249 1035 1324 patronum,
1064 1244 1094 1307 in
1124 1249 1240 1326 quaet

117 1361 260 1442 parentis
282 1361 517 1427 manumissoris
539 1362 639 1427 tutela
654 1363 840 1440 continetur,
863 1361 1025 1427 fiduciaria
1040 1361 1168 1428 atiliana
1183 1379 1240 1426 seu
1273 1367 1290 1416 ⁶

118 1479 322 1556 ioliotitiana‚
350 1481 380 1545 in
409 1480 497 1547 cuius
526 1481 626 1546 uicem
654 1481 748 1547 aliam
776 1481 933 1566 quandam
962 1481 1106 1562 princeps
1132 1487 1239 1546 noster

118 1599 327 1680 introduxit),
350 1618 482 1680 cumque
506 1601 674 1665 dixerimus
694 1606 770 1683 quot
791 1600 891 1665 modis
914 1599 1014 1665 tutela
1034 1598 1170 1678 finiatur,
1183 1599 1239 1674 ui·

119 1721 250 1784 deamus
273 1716 311 1783 de
334 1718 504 1783 curatione.
550 1719 679 1784 masculi
701 1719 836 1800 puberes
859 1726 891 1784 et
913 1717 1047 1785 feminae
1069 1717 1239 1800 uiripoten·

119 1845 167 1903 tes
198 1839 237 1902 ad
266 1835 353 1902 XXV
384 1856 499 1903 annum
532 1856 632 1919 usque
662 1839 849 1921 completum
878 1845 1039 1905 curatores
1068 1837 1238 1918 accipiunt;

119 1958 173 2039 qui
196 1957 271 2021 licet
291 1957 425 2038 puberes
447 1959 519 2035 sint,
542 1958 644 2024 adhuc
665 1964 769 2022 tamen
792 1960 859 2023 eius
882 1957 996 2023 aetatis
1018 1966 1106 2035 sunt,
1129 1965 1165 2023 ut
1187 1978 1240 2024 ne·
1259 1966 1290 2018 10

83 2088 102 2136 1.
119 2076 206 2156 gotia
229 2095 288 2142 sua
310 2078 393 2143 tueri
416 2096 477 2142 non
500 2078 629 2160 possint
677 2081 704 2140 l.
738 2075 863 2142 Dantur
885 2087 990 2142 autem
1016 2083 1176 2144 curatores
1198 2079 1238 2143 ab

120 2196 217 2262 isdem
242 2196 479 2277 magistratibus
501 2197 654 2278 aquibus
677 2201 709 2261 et
731 2201 860 2261 tutores.
905 2202 1030 2262 curator
1052 2201 1238 2262 testamento

120 2321 203 2380 recte
225 2333 288 2380 non
311 2316 419 2392 catur,
451 2322 501 2381 set
522 2317 615 2381 datus
637 2315 838 2381 confirmatur
864 2315 989 2382 decreto
1011 2317 1165 2397 praetoris
1187 2316 1237 2380 uel

81 2443 103 2492 2.
119 2434 283 2514 praesidis.
328 2435 358 2497 2.
398 2435 588 2500 Adulescens
611 2436 729 2501 inuitus
752 2441 929 2501 curatorem
952 2453 1014 2500 non
1037 2435 1154 2517 recipit,
1178 2434 1238 2499 nisi

119 2555 289 2619 incertam
313 2553 415 2636 litem;
439 2559 565 2620 curator
587 2553 668 2620 enim
692 2561 724 2644 et
745 2555 785 2620 ad
808 2560 925 2620 certam
948 2571 1073 2619 causam
1096 2553 1162 2619 dari
1186 2573 1238 2634 po
1258 2567 1288 2620 15

118 2681 188 2751 test,
212 2680 251 2738 ut
273 2673 416 2755 superius
440 2673 582 2739 diximus.
628 2675 734 2754 itaque
757 2672 862 2755 plures
884 2680 958 2738 sunt
981 2671 1174 2738 differentiae
1190 2679 1237 2740 tu·

119 2794 198 2858 telae
222 2798 256 2858 et
277 2811 379 2857 curae.
424 2800 511 2859 tutor
533 2793 615 2858 enim
637 2793 850 2876 impuberibus
873 2799 996 2858 tantum
1018 2795 1126 2872 datur,
1150 2811 1238 2859 cura·

118 2921 168 2980 tor
189 2919 295 2978 autem
318 2913 490 2994 puberibus
513 2919 545 2979 et
572 2911 740 2992 aliquando
768 2913 1000 2996 impuberibus;
1030 2920 1116 2980 tutor
1143 2919 1238 2981 testa·

119 3037 223 3098 mento
246 3037 331 3097 recte
346 3033 449 3110 datur,
472 3031 626 3096 inutiliter
640 3039 745 3097 autem
768 3038 911 3112 curator;
934 3033 1051 3098 inuitus
1073 3050 1164 3098 nemo
1186 3049 1235 3097 cu·

120 3158 255 3216 ratorem
278 3149 402 3232 accipit,
424 3156 563 3216 tutorem
585 3157 692 3216 autem
714 3151 808 3216 ctiam
831 3149 948 3217 nolens.
993 3157 1081 3218 tutor
1102 3151 1142 3216 ad
1172 3167 1237 3215 cer·
1255 3171 1289 3222 20

85 3274 105 3324 ³·
121 3279 182 3338 tam
205 3290 332 3338 causam
355 3273 423 3338 dari
444 3292 506 3338 non
527 3280 642 3356 potest,
666 3279 793 3340 curator
816 3274 932 3354 ntique.
976 3271 1005 3334 3.
1030 3271 1159 3335 Praeter
1181 3271 1236 3335 mi-

126 3410 223 3466 nores,
246 3390 356 3458 furiosi
378 3410 502 3475 quoque
525 3401 557 3458 et
579 3394 700 3476 prodigi
722 3395 753 3459 in
776 3413 852 3460 cura
875 3400 957 3465 sunt,
979 3392 1054 3458 licet
1074 3389 1161 3458 XXV
1184 3409 1236 3456 an·
