3078 4882
608 448 840 514 -170-

160 637 244 704 enim
272 639 396 719 oportet
424 636 570 704 heredem
601 635 768 703 instituere
797 635 850 702 uei
886 635 1068 702 nominatim
1096 631 1281 702 exheredem

159 755 273 822 iacere.
336 754 474 838 alioquin
513 755 540 821 si
574 772 646 822 eam
680 755 804 822 silentio
839 755 1054 838 praeterierit,
1082 752 1194 822 inatile
1221 753 1282 820 erit

158 879 383 940 testamentum
410 873 503 940 simul
529 894 566 943 eo
588 873 797 957 conscriptum
820 873 872 940 sit.
921 873 1076 955 torqueri
1097 872 1181 940 filius
1207 873 1281 939 uiuo

157 998 249 1074 patre
271 994 431 1068 morietur,
452 991 550 1060 nihilo
572 993 675 1059 minus
696 994 807 1059 inutile
829 994 890 1058 erit
910 998 1134 1060 testamentum
1154 997 1282 1076 proptor

158 1111 238 1176 iuris
259 1111 398 1193 regulam
421 1129 503 1193 qnae
522 1111 568 1178 ait
594 1129 633 1178 ca
658 1130 755 1194 quac
782 1113 828 1179 ab
856 1112 977 1178 initio
1003 1109 1171 1178 inutilia
1199 1110 1282 1177 sint
1315 1108 1334 1160 ⁶

157 1229 198 1294 in
221 1230 479 1296 testamentis
501 1229 760 1314 expostiecto
775 1230 1146 1296 conualescerenon
1161 1246 1280 1312 posse.

157 1365 216 1416 neo
237 1353 387 1432 poterunt
408 1349 518 1432 scripti
539 1349 671 1416 heredes
694 1349 833 1417 defuncti
855 1349 937 1415 bona
958 1347 1113 1431 accipere,
1136 1345 1281 1432 quamuis

157 1485 221 1532 non
252 1467 366 1533 existat
393 1465 477 1533 fliius
503 1469 558 1548 qui
587 1467 810 1550 praeteritione
836 1467 952 1534 iniuria
977 1465 1118 1535 adfectus
1147 1471 1203 1534 est.
1249 1475 1281 1533 ct

156 1587 236 1651 haec
257 1586 384 1666 quidem
406 1587 433 1651 si
454 1585 537 1652 filius
559 1587 591 1651 in
613 1592 771 1670 potestate
792 1588 982 1669 praeteritus
1009 1587 1059 1652 sit.
1104 1587 1152 1652 sin
1174 1592 1279 1654 autem

156 1703 228 1786 quis
250 1701 346 1769 filiam
369 1703 401 1770 in
424 1710 581 1787 potestate
602 1707 720 1772 habens
743 1707 794 1774 uel
816 1710 960 1788 nepotem
982 1711 1148 1788 neptemne
1169 1707 1333 1789 prone-1⁰

156 1828 263 1906 potem
291 1829 515 1906 proneptemuc
544 1843 605 1891 non
632 1826 793 1906 scripserit
821 1845 875 1894 eos
902 1826 1035 1892 heredes
1062 1842 1163 1906 noque
1189 1825 1280 1891 exhe-

156 1942 249 2006 redes
264 1941 382 2022 iecerit,
405 1949 454 2008 set
468 1944 665 2026 praeterierit
687 1945 819 2020 silentio,
841 1962 903 2010 non
925 1943 1133 2010 infirmabitur
1153 1944 1278 2024 quidem

157 2066 393 2140 testamentum,
415 2063 578 2142 praeteriti
605 2071 710 2130 autern
736 2062 863 2146 scriptis
892 2062 1060 2130 heredibus
1087 2063 1278 2129 adoresccnt

154 2179 338 2245 adcrescere
364 2178 415 2244 ius
442 2187 490 2247 est
511 2180 663 2263 portionis
685 2181 848 2248 cuiusdam
874 2181 1074 2248 auferendae.
1105 2188 1154 2248 set
1180 2182 1206 2246 si
1228 2199 1279 2246 ex·

156 2295 259 2361 tranei
294 2297 358 2362 sint
390 2297 498 2379 scripti
526 2299 676 2376 heredes,
708 2300 738 2364 in
769 2299 928 2366 dimidiam
956 2301 1129 2380 portionem
1156 2300 1278 2368 adsere·
1300 2313 1332 2365 ld

155 2420 264 2494 scunt;
290 2415 340 2480 sin
370 2423 476 2483 antem
508 2418 558 2483 sui
581 2418 728 2498 heredes,
754 2419 786 2484 in
810 2421 940 2485 uirilem.
995 2425 1030 2485 ut
1058 2438 1128 2486 ecce
1158 2420 1184 2484 si
1214 2424 1278 2488 tres

157 2535 229 2616 quis
258 2534 389 2602 heredes
415 2537 555 2604 institnit
587 2536 684 2605 filiam
712 2544 899 2622 nepotemuc
924 2537 1138 2622 praeteriens,
1175 2539 1203 2604 si
1229 2557 1278 2606 ex·

155 2653 260 2718 tranei
281 2659 356 2720 sunt
382 2656 492 2739 scripti
520 2657 669 2738 heredes,
697 2656 763 2723 fitia
789 2675 927 2739 neposne
956 2657 1116 2724 semissem
1145 2655 1279 2738 capient,

155 2771 181 2835 si
204 2773 370 2851 corosani,
395 2773 517 2840 uirilem
546 2776 736 2856 portionem,
765 2775 850 2841 idest
875 2775 1097 2858 quadrantem
1126 2779 1278 2859 quantum

154 2888 277 2956 scilicet
299 2896 404 2957 essent
425 2894 585 2973 accepturi
607 2893 633 2958 si
656 2894 824 2960 intestatus
846 2912 960 2976 parens
980 2894 1174 2970 decessisset,
1196 2895 1279 2960 idest
1297 2907 1335 2961 so

132 3013 302 3090 Aquartam
323 3008 476 3076 bonorum
499 3010 566 3076 eins
588 3019 719 3094 partem.
751 3011 866 3077 licebat
887 3017 993 3078 autem
1015 3012 1073 3077 hos
1095 3030 1156 3077 non
1178 3012 1278 3077 solum

152 3129 353 3211 nominatim,
387 3140 437 3198 sct
470 3132 566 3199 etiem
597 3135 680 3200 inter
706 3138 827 3200 ceteros
855 3133 1059 3212 exheredare,
1085 3131 1135 3196 his
1157 3129 1278 3196 uerbis:

151 3250 282 3315 ceteri
303 3249 526 3318 exheredes
554 3259 681 3319 sunto.
726 3253 908 3319 nominatim
931 3251 1130 3319 exheredatio
1158 3249 1204 3314 ita
1225 3247 1278 3314 fie-

151 3366 223 3432 bat:
254 3367 382 3435 Titius
411 3369 526 3436 iilius
553 3388 661 3437 meus
694 3371 861 3437 exheres
889 3375 985 3437 esto.
1035 3373 1161 3451 poterat
1182 3366 1276 3432 etiem

150 3503 190 3552 ex
213 3484 331 3554 officio:
363 3491 640 3573 grammaticus
667 3489 832 3556 exheres
863 3494 961 3566 esto,
993 3492 1084 3554 etex
1110 3489 1193 3552 arte:
1220 3484 1277 3551 ia·
1295 3499 1330 3552 as
