2990 4884
525 409 756 474 -109-

91 595 424 677 commurmurantes,
447 596 540 672 sicuti
562 603 595 664 et
615 615 691 678 gres
717 614 779 663 nou
801 595 1079 664 communicabitur
1100 595 1128 662 si
1150 614 1201 678 pe·

91 731 158 781 cora
178 722 235 782 tua
256 713 328 786 Titii
349 717 513 799 pecoribus
534 717 634 784 mixta
655 717 781 784 luerint
804 715 832 782 si
854 734 930 784 uero
946 714 1093 782 frumenti
1116 733 1201 782 acer·

90 851 145 899 uus
165 833 219 900 uel
240 852 260 900 a
281 841 314 902 te
334 835 385 902 uel
407 837 528 904 alitio
550 837 732 916 retineatur,
749 835 901 902 alteruter
922 835 954 901 iu
977 855 1048 901 eum
1063 835 1116 915 qui
1131 852 1202 917 pos·

91 951 167 1018 sidet
187 953 222 1018 in
244 972 309 1020 rem
330 961 412 1037 aget.
435 953 570 1023 officium
592 963 697 1022 autem
719 954 832 1022 iudicia
847 954 908 1021 erit
923 955 1090 1024 aestimare
1103 971 1201 1034 quau·

90 1075 151 1136 tum
182 1071 280 1138 luerit
305 1074 470 1160 utriusque
502 1073 691 1142 frumentum
725 1080 758 1141 et
784 1093 841 1156 pro
869 1072 1020 1157 qualitate
1047 1081 1079 1140 et
1108 1072 1199 1141 modo
1233 1083 1252 1135 s

48 1187 183 1256 ii-actori
206 1209 418 1276 possessorem
440 1194 656 1264 condemnare.
695 1195 744 1258 29.
782 1193 816 1262 Si
837 1194 908 1277 quis
930 1192 963 1260 iu
986 1210 1043 1258 suo
1065 1189 1132 1258 solo
1148 1193 1201 1260 do·

90 1327 167 1378 mum
188 1311 292 1378 aliena
317 1313 447 1380 materia
467 1312 694 1392 aedilicauerit,
723 1314 867 1380 dominus
895 1311 930 1379 lit
952 1309 1100 1378 aediliciis
1127 1313 1200 1396 quie

90 1431 168 1515 quod
189 1430 409 1500 inaedificatur
433 1435 500 1500 eolo
521 1435 619 1502 cedit:
653 1436 698 1501 ita
724 1441 828 1502 tamen
863 1439 899 1500 ut
925 1431 1075 1499 materiae
1104 1429 1201 1497 domi·

90 1567 142 1614 nus
168 1551 237 1617 eius
266 1551 401 1619 dominio
428 1555 459 1620 in
487 1560 672 1637 perpetuum
700 1575 760 1622 non
791 1553 900 1634 oadat;
927 1563 976 1621 set
997 1553 1094 1621 doner
1115 1551 1201 1620 aetii·

89 1667 186 1736 licium
210 1670 376 1753 subsistat,
398 1693 499 1758 neque
521 1674 553 1740 in
575 1693 659 1754 rem,
686 1693 787 1758 neque
807 1673 848 1740 ad
870 1672 1075 1741 exhibendum
1105 1690 1199 1756 egere
1219 1678 1251 1729 1⁰

89 1794 183 1870 possit
205 1797 333 1877 propter
354 1792 454 1876 legem
483 1791 546 1859 XII
575 1792 768 1874 tabularum,
801 1813 864 1881 qua
896 1801 1026 1864 miretur
1058 1813 1097 1860 ne
1129 1792 1200 1877 quis

89 1906 204 1990 tignum
227 1908 363 1978 alienum
385 1913 451 1978 auis
472 1911 603 1980 aedibus
625 1912 799 1980 iniunctum
826 1914 961 1982 eximere
982 1919 1129 1998 cogetur,
1152 1918 1201 1979 aet

90 2032 122 2092 ut
143 2027 273 2112 duplum
296 2028 363 2098 eius
389 2030 482 2115 pretii
512 2037 651 2114 praestet
677 2032 834 2115 personali
863 2038 1037 2100 conuentus
1065 2031 1199 2111 aunone,

90 2165 166 2229 quae
186 2155 319 2216 uocatur
341 2150 387 2216 de
409 2152 523 2233 tigno
545 2152 693 2218 iuncto.
737 2153 824 2218 loeus
851 2153 923 2218 huic
945 2152 1059 2218 actioni
1082 2150 1118 2218 tt
1139 2170 1199 2218 uon

90 2267 176 2334 modo
197 2269 342 2349 quotiens
363 2270 485 2354 tignum
507 2289 609 2337 meum
631 2272 702 2355 quis
725 2271 855 2340 aedibus
869 2272 936 2339 suis
950 2273 1127 2349 intonuerit,
1151 2265 1251 2338 set1⁵

91 2387 178 2452 etiem
208 2389 234 2454 si
258 2387 297 2453 de
319 2395 409 2469 petra
437 2389 488 2456 uel
517 2390 557 2456 de
585 2391 683 2458 latera
706 2391 757 2458 ucl
785 2391 823 2459 de
845 2390 988 2460 columna
1016 2397 1201 2477 quaeratur;

90 2508 164 2592 tigni
195 2513 278 2578 enim
310 2511 519 2595 appellatione
548 2515 647 2582 omnis
677 2519 808 2584 materia
834 2514 1040 2600 significatur,
1074 2533 1112 2579 ex
1139 2529 1204 2594 que.

91 2629 240 2698 aedificari
261 2638 376 2713 potest.
420 2633 504 2718 quod
524 2632 596 2700 ideo
622 2633 691 2716 lege
712 2633 775 2700 XII
796 2633 974 2700 tabularum
1004 2638 1131 2703 cautum
1153 2639 1203 2716 est

92 2766 129 2814 ns
148 2749 301 2820 uindicari
323 2769 425 2834 nequa
446 2752 487 2818 ed
510 2751 718 2820 exhibendum
740 2755 792 2837 agi
813 2753 912 2837 possit
933 2759 1061 2835 propter
1082 2750 1200 2835 liguum

92 2869 165 2935 meis
185 2871 315 2940 aedibus
338 2872 521 2948 iniunctum,
543 2891 582 2938 ne
604 2891 674 2940 cum
696 2873 791 2940 iudex
813 2892 861 2940 me
882 2874 914 2939 iu
937 2891 1002 2940 rem
1018 2872 1200 2940 condemna·
1218 2879 1252 2932 eo

92 2988 178 3069 uerit,
199 2989 374 3057 aedificium
395 2991 573 3058 rescindere
595 3010 699 3075 cogar,
728 2999 764 3058 ut
792 2992 966 3060 sentemiee
995 2990 1201 3059 satisfaciam:

92 3109 211 3189 saepius
232 3109 315 3182 enim
344 3108 494 3180 aediliciis
520 3111 569 3178 lex
590 3111 650 3180 ΧΗ
677 3111 856 3178 tabularum
886 3111 1052 3178 consuluit
1102 3116 1150 3176 aet
1175 3109 1201 3176 si
