3022 4884
563 427 796 492 -137-

121 615 185 693 rit,
220 614 421 698 coniungitur
453 614 619 697 utriusque
651 619 774 697 tempus
806 611 1013 697 possessionis
1046 618 1079 681 at
1107 615 1244 684 seeundo
1318 673 1319 678 ,

120 732 257 817 emptori
278 734 325 800 rei
346 734 517 801 dominium
540 731 726 818 adquiritur,
748 737 781 799 et
801 733 846 798 ita
861 729 999 800 Seuerus
1022 738 1055 798 et
1068 733 1243 801 Antoninus

75 862 109 912 14.
119 855 360 936 rescripserunt
390 857 454 936 ,l4·
477 854 558 920 Lata
580 853 681 920 estin
704 852 799 919 edicti
821 850 951 919 sormam
975 853 1155 918 constitutio
1177 853 1243 920 diui

119 973 230 1052 Murci,
253 991 317 1056 qua
338 980 470 1040 cauetur
492 976 529 1040 ut
544 973 571 1040 is
588 972 641 1058 qui
660 991 727 1039 rem
742 969 873 1038 ahenam
889 991 909 1038 a
923 970 997 1037 fiseo
1013 970 1131 1051 emerit
1152 973 1243 1054 quiu-

119 1092 257 1175 quenuio
294 1091 416 1175 elapso,
450 1091 495 1159 rai
529 1091 586 1159 iiot
618 1092 771 1158 dominus.
822 1090 905 1174 quod
935 1089 1070 1156 edietum
1099 1109 1243 1158 ueoesear
1276 1108 1300 1161 n
1370 1101 1372 1107 '

118 1212 200 1278 rium
235 1215 306 1278 erat
337 1231 394 1294 pro
427 1211 476 1277 his
505 1212 559 1293 qui
589 1213 709 1278 minora
737 1217 878 1292 tempore
907 1227 1000 1291 quam
1031 1209 1242 1292 quinquennio

117 1329 166 1395 rei
187 1335 312 1412 emptae
334 1329 503 1396 dominium
533 1330 633 1414 apisci
663 1347 724 1395 uon
752 1333 906 1412 poterant.
951 1334 987 1394 ut
1009 1347 1093 1407 ecoe,
1121 1328 1242 1397 furtiua

117 1448 199 1516 iorte
221 1468 273 1515 res
296 1455 418 1516 enatet
444 1456 567 1531 emptor
587 1450 614 1515 si
637 1455 711 1531 post
732 1448 976 1532 quinquennium
999 1453 1171 1515 conuentus
1194 1467 1242 1514 es·

117 1575 181 1648 set,
203 1569 387 1650 exceptione
413 1573 552 1635 actorem
580 1567 761 1651 repellebat.
810 1568 855 1632 itu
884 1567 1008 1647 quidem
1037 1567 1129 1636 diuus
1157 1568 1241 1634 Mar·

118 1706 188 1754 eus:
212 1687 396 1754 constitutio
417 1692 522 1754 autem
546 1687 612 1754 diui
633 1684 767 1754 Zenonis
789 1685 853 1752 lata
875 1692 933 1764 ast,
955 1703 1036 1768 quae
1057 1685 1147 1755 iuhet
1168 1706 1239 1754 eum
1258 1707 1292 1759 10

117 1807 171 1886 qui
193 1826 214 1872 a
234 1805 310 1872 fisco
332 1807 444 1872 emerit
469 1806 520 1872 uel
544 1805 711 1872 donatione
738 1805 790 1872 uel
818 1807 1049 1888 permutatione
1075 1808 1240 1889 acceperit

117 1943 263 1993 securum
296 1927 403 1992 statim
435 1925 504 1993 fieri
538 1931 580 2007 et,
613 1928 681 1993 siue
713 1926 891 2008 experiatur
923 1925 990 1992 siue
1024 1926 1240 2007 conueniatur,

118 2045 269 2111 uictorem
291 2045 434 2127 existere,
457 2046 503 2111 rei
524 2049 629 2110 autem
652 2046 776 2112 domino
802 2063 902 2128 usque
929 2045 969 2111 ad
998 2045 1239 2127 quadriennium

118 2164 271 2232 aduersus
292 2163 400 2232 fiscum
423 2163 586 2232 intendere
607 2164 711 2231 litere.
756 2165 833 2232 haee
855 2184 931 2231 uero
958 2183 1019 2230 non
1047 2165 1079 2232 iu
1102 2164 1237 2232 dominio

117 2283 342 2365 tantummodo,
364 2289 414 2352 set
436 2284 530 2350 etiam
552 2282 585 2350 in
615 2283 790 2366 hypotheca
819 2284 926 2352 endem
956 2285 1138 2351 constitutio
1167 2295 1288 2352 sau-15

116 2403 170 2481 rit,
193 2408 231 2470 ut
253 2419 355 2485 neque
374 2401 521 2472 domium
542 2403 589 2472 rei
611 2403 851 2470 uindicationem
882 2423 983 2486 neque
1012 2404 1147 2470 creditor
1173 2421 1237 2472 ser·

117 2522 243 2590 uianam
265 2523 298 2588 in
320 2521 369 2587 his
390 2522 495 2589 saluas
517 2522 665 2602 habeant
688 2541 768 2606 quae
790 2541 810 2589 a
830 2521 905 2590 tisao
927 2522 1064 2590 alienata
1078 2526 1152 2588 sunt
1165 2530 1237 2608 post

117 2641 365 2722 quadriennium.
408 2642 608 2724 promulgata
629 2649 678 2708 est
700 2641 794 2708 etiam
823 2642 971 2726 prineipis
1000 2643 1100 2708 nostri
1122 2644 1237 2710 onusti·

117 2763 206 2841 tutio,
228 2779 322 2843 quam
346 2781 445 2844 nuper
467 2760 573 2842 edixit,
599 2781 662 2846 qua
684 2761 792 2828 eedem
815 2763 956 2845 optinere
971 2762 1064 2828 iussit
1085 2761 1179 2828 etiam
1201 2762 1234 2828 iu

117 2879 173 2961 his,
195 2901 277 2967 quae
299 2879 457 2949 Serenitas
479 2883 547 2948 eius
575 2883 627 2950 uel
653 2883 796 2964 piissima
822 2888 931 2949 nostra
954 2883 1097 2967 Augusta
1119 2884 1235 2949 aliena·
1251 2900 1288 2952 no

119 3001 233 3082 norint,
263 3017 347 3084 quae
374 3002 508 3070 Zenonis
536 3002 718 3070 constitutio
746 3003 779 3068 in
805 3000 966 3070 fiscalibus
994 3001 1234 3070 alienationibus

120 3121 288 3188 coustituit.
