3022 4884
438 757 485 823 De
508 756 735 824 donationibus.
780 757 903 825 'litulns
926 761 954 821 7.

220 943 281 1008 Est
303 949 335 1008 et
358 943 444 1009 aliud
473 962 571 1025 genus
600 944 819 1027 adquisitionis
846 944 987 1011 donatio:
1017 945 1056 1014 de
1084 962 1147 1027 qua
1173 965 1255 1014 nunc

140 1060 364 1144 dispiciendum
387 1068 443 1128 est
497 1062 565 1128 eius
595 1061 782 1128 mentionem
812 1063 941 1130 fecimus
966 1063 1066 1129 ueluti
1093 1065 1194 1131 obiter
1222 1066 1254 1132 in

141 1180 364 1262 superioribus,
387 1199 470 1246 nunc
495 1187 600 1246 autem
623 1181 792 1262 pleniorem
818 1182 857 1248 de
887 1201 925 1248 ea
952 1183 1124 1250 doctrinam
1151 1186 1255 1251 trade·

136 1318 212 1365 mus.
260 1299 462 1365 donationum
492 1300 553 1365 duo
576 1319 692 1381 genera
719 1304 794 1365 sunt
822 1305 854 1365 et
883 1301 982 1367 altera
1011 1301 1120 1368 mortis
1149 1321 1253 1383 causa,

101 1425 121 1475 1·
135 1419 234 1484 altera
250 1419 332 1485 inter
348 1420 437 1485 uiuos
453 1420 577 1486 dicitur.
602 1422 630 1482 1.
653 1420 795 1485 Mortis
817 1439 937 1486 causa
951 1421 1077 1487 donatio
1093 1427 1150 1501 est,
1172 1438 1254 1502 quae
1287 1443 1306 1496 s

132 1544 261 1620 propter
284 1539 392 1606 mortis
414 1540 622 1620 suspicionem
644 1539 689 1618 fit,
713 1539 811 1605 ueluti
837 1558 906 1606 cum
937 1542 1007 1624 quis
1036 1542 1131 1607 donat
1160 1542 1253 1608 alicui

133 1658 365 1739 nauigationem
387 1659 591 1741 periculosam
614 1679 820 1741 aggressurus
842 1659 892 1726 uel
922 1661 983 1726 iter
1009 1680 1066 1743 per
1088 1661 1172 1726 uiam
1193 1660 1254 1728 fac·

132 1785 224 1842 turus
246 1778 359 1844 belluis
381 1796 439 1843 seu
461 1779 637 1844 latronibus
659 1799 715 1845 seu
736 1778 880 1845 hostibus
903 1780 1056 1858 infestam,
1079 1788 1114 1846 ut
1136 1781 1164 1846 si
1177 1781 1254 1862 quid

131 1897 314 1964 humanitus
337 1897 479 1963 donatori
502 1898 675 1978 contigerit,
698 1896 818 1963 firmam
840 1898 955 1964 habeat
976 1900 1174 1965 donationem
1197 1899 1253 1982 qui

129 2015 301 2101 acceperit:
324 2019 371 2082 sin
394 2025 498 2084 autem
514 2018 568 2100 qui
582 2018 736 2100 acceperit
751 2023 825 2083 ante
839 2020 1018 2084 donatorem
1034 2019 1196 2094 moriatur,
1217 2017 1252 2084 li·
1271 2046 1305 2098 10

130 2145 199 2204 ceat
222 2138 367 2203 donatori
389 2137 497 2203 datum
520 2143 671 2219 repetere.
723 2138 752 2203 si
779 2138 961 2204 donatorem
989 2139 1056 2205 cius
1083 2139 1251 2220 poeniteat,

130 2257 332 2322 donationem
355 2257 494 2338 recipiet,
517 2255 646 2338 perinde
669 2275 704 2322 ac
727 2257 753 2320 si
775 2256 861 2340 prior
884 2256 1054 2324 decesserit
1080 2257 1134 2338 qui
1157 2258 1251 2324 dona·

130 2377 246 2442 tionem
269 2377 398 2458 accepit.
442 2376 502 2442 hae
523 2378 640 2456 mortis
656 2395 769 2443 causae
798 2377 980 2443 donationes
1010 2377 1050 2443 ad
1078 2378 1251 2461 exemplum

129 2500 303 2580 legatorum
328 2517 385 2580 per
407 2500 510 2565 omnia
532 2500 678 2565 redactae
699 2506 782 2565 sunt.
826 2498 899 2564 olim
923 2500 1004 2565 enim
1027 2505 1095 2566 erat
1116 2497 1249 2583 pruden-

129 2617 218 2684 tibus
241 2619 422 2700 ambiguum
444 2625 551 2684 utrum
579 2620 754 2684 donationis
777 2637 816 2684 an
843 2619 939 2702 legati
959 2619 1061 2685 instar
1082 2637 1151 2685 eam
1172 2618 1250 2702 opti·
1271 2633 1304 2698 lo

128 2757 202 2803 nere
225 2743 392 2821 oporteret.
437 2743 560 2805 etcum
583 2740 747 2819 utriusque
776 2740 927 2820 quaedam
956 2739 1087 2806 haberet
1107 2739 1248 2822 insignia,

128 2857 308 2922 donationis
331 2875 441 2940 nempe
471 2867 503 2925 et
533 2858 644 2941 legati,
673 2859 727 2924 alii
748 2860 873 2939 quidem
897 2859 1072 2938 donationi,
1099 2859 1153 2925 alii
1173 2876 1250 2924 uero

128 2980 232 3061 legato
247 2978 378 3044 similem
394 2998 462 3044 eam
477 2981 632 3046 dicebant.
655 2981 735 3047 hanc
750 2983 993 3048 controuersiam
1016 2980 1163 3046 dirimens
1179 2997 1249 3060 pro·

130 3098 188 3163 diit
211 3098 392 3165 constitutio
414 3099 563 3182 principis
591 3102 707 3179 nostri,
736 3120 818 3184 quac
845 3104 948 3167 sanxit
976 3100 1157 3181 peremnia
1179 3117 1247 3164 eam

128 3217 195 3284 fere
217 3219 330 3299 legatis
354 3219 579 3285 connumerari.
608 3221 750 3286 uoculam
772 3219 852 3288 fere
875 3220 945 3287 ideo
967 3220 1152 3297 addidimus,
1176 3219 1250 3299 quia
1266 3235 1303 3288 ao

127 3357 146 3403 a
173 3339 305 3403 uiuente
330 3339 362 3403 in
386 3338 545 3405 uiuentem
574 3338 618 3404 fit.
661 3341 813 3421 procedat
833 3340 930 3421 igitur
951 3341 1039 3405 iuxta
1059 3357 1140 3422 quae
1161 3356 1249 3420 prae-

129 3459 195 3523 lata
217 3458 292 3523 diua
313 3457 536 3524 constitutione
558 3460 765 3525 continentur.
788 3466 820 3525 et
834 3461 866 3524 in
882 3478 1003 3525 summa
1025 3459 1133 3525 mortis
1155 3476 1249 3524 causa

129 3577 255 3642 donatio
278 3583 326 3642 est
348 3595 418 3644 cum
442 3579 542 3661 magis
562 3595 596 3644 se
611 3578 680 3659 quis
696 3578 773 3644 uelit
786 3578 913 3657 babere,
936 3597 1027 3662 quam
1044 3598 1114 3644 eum
1129 3577 1181 3644 cui
1196 3579 1250 3644 do·

131 3697 266 3776 canerit,
282 3697 445 3780 magisque
461 3715 527 3762 rem
544 3715 613 3764 eum
630 3697 777 3780 consequi
792 3698 879 3779 uelit,
895 3700 944 3766 cui
960 3699 1132 3778 domuerit,
1155 3715 1248 3780 quam
