3058 4890
604 454 836 518 -232-

155 639 258 706 dioillo
283 661 379 708 anon«
406 641 598 721 addiderim,
630 643 688 708 hoc
720 644 826 708 modo:
855 643 964 709 'litio
986 662 1129 709 aureos
1153 642 1177 709 0
1199 662 1274 708 non

154 762 201 826 do
229 781 301 826 non
329 759 434 842 lego,
466 760 499 824 id
529 759 694 826 contrariis
724 763 828 826 uerbis
859 763 1036 842 ademptum
1068 770 1132 826 est:
1161 764 1274 844 quibus

154 879 235 944 enim
269 880 341 945 dedi
373 881 486 945 iisdem
520 891 552 946 et
580 881 713 960 abstuli,
745 901 841 946 »non«
875 881 1029 962 particula
1056 883 1173 947 addita.
1227 882 1273 948 do

152 1005 233 1068 enim
261 1021 360 1067 »non
383 1003 452 1067 do«
478 1003 668 1067 contrarium
693 1011 749 1067 est.
794 1006 843 1066 set
870 1001 897 1066 si
927 1003 996 1066 aliis
1026 1001 1274 1083 quibuscumque

151 1122 256 1186 uerbis
278 1121 423 1200 adimam,
446 1122 645 1186 nihilominus
667 1122 699 1185 id
721 1121 848 1188 ualcbit.
884 1129 919 1186 ut
942 1141 1012 1187 ecce
1035 1140 1104 1186 cum
1127 1121 1272 1186 dixerim:
1307 1130 1324 1179 o

152 1243 263 1306 Titio
293 1242 484 1308 Cauneas
518 1241 624 1323 lego,
661 1243 791 1308 addam:
829 1241 933 1306 Titio
962 1261 1106 1306 aureos
1135 1239 1160 1305 O
1187 1240 1273 1304 dari

151 1363 249 1427 nolo.
294 1369 326 1426 et
348 1363 387 1426 ab
411 1362 473 1429 alio
495 1361 528 1426 in
552 1361 647 1426 alium
671 1361 841 1427 transferre
864 1381 1045 1444 possumus,
1074 1360 1173 1427 ueluti
1203 1378 1273 1426 cum

152 1481 234 1545 Titio
257 1479 395 1546 Stichum
419 1501 546 1546 seruum
569 1501 672 1546 meum
702 1482 896 1562 reliquerim,
926 1499 1052 1563 possum
1080 1481 1124 1544 ita
1156 1482 1272 1556 dicere:

152 1600 331 1666 Stichum
354 1621 464 1684 quem
487 1601 594 1666 Titio
617 1603 747 1682 legaui
770 1600 857 1667 Seio
880 1603 978 1684 lego.
1023 1601 1117 1682 idque
1143 1601 1174 1665 in
1204 1601 1272 1681 ipso

152 1726 339 1784 testamento
362 1721 411 1785 nel
430 1721 463 1786 in
493 1719 643 1786 codicillis
673 1722 775 1786 dicere
802 1741 946 1802 possum;
974 1719 1139 1784 translatio
1165 1723 1323 1785 autem10

152 1841 279 1904 tacitam
308 1842 339 1905 in
367 1859 401 1904 se
429 1841 657 1922 ademptionem
689 1841 843 1914 continet,
872 1859 941 1904 cnm
970 1839 1051 1904 enim
1082 1859 1101 1904 a
1129 1840 1211 1904 Titio
1239 1839 1272 1903 in

153 1957 262 2024 Seium¹
281 1961 417 2040 legatum
442 1959 607 2038 transiero,
630 1960 725 2026 tacite
747 1960 780 2024 id
803 1958 885 2024 Titio
908 1959 1025 2026 aulero.

432 2570 480 2637 De
501 2572 571 2654 lege
591 2569 740 2637 Falcidia.
785 2571 907 2636 Titulus
931 2571 981 2635 22.

236 2759 387 2842 Superest
414 2767 452 2825 ut
481 2761 519 2826 de
548 2761 618 2842 lege
647 2758 786 2823 Falcidia
816 2757 1031 2839 dispiciamus,
1066 2775 1129 2839 qua
1158 2759 1269 2822 modus

150 2880 319 2945 nouissime
340 2880 452 2960 legatis
475 2878 640 2960 impositus
664 2881 721 2943 est.
774 2896 844 2942 cum
871 2875 953 2942 enim
983 2877 1054 2941 olim
1085 2876 1194 2942 liceret
1222 2883 1269 2940 to·

150 3005 218 3063 tum
240 2999 459 3080 patrimonium
483 2997 595 3078 legatis
618 3017 764 3079 erogare,
787 2998 837 3062 uel
866 2997 931 3062 fere
958 3002 1058 3062 totum
1087 2999 1172 3080 (nam
1199 2994 1320 3076 legem

149 3117 213 3185 XII
235 3120 412 3184 tabularum
434 3119 480 3183 ita
503 3127 628 3183 cautum
651 3119 767 3182 fuerat:
793 3118 878 3182 »uti
905 3117 1076 3200 legassit
1098 3135 1190 3180 suae
1211 3115 1269 3180 rei

150 3238 237 3318 quis
260 3238 319 3302 ita
341 3237 401 3303 ius
424 3238 560 3319 esto‹),
584 3239 686 3303 uisum
708 3244 757 3302 est
783 3245 893 3317 postea
921 3238 1000 3301 hano
1028 3234 1153 3314 legundi
1174 3234 1268 3300 licen-

198 4334 298 4386 Theoph.
311 4334 423 4377 Antecess.
438 4347 480 4378 rec.
495 4333 584 4376 Femini.
