2990 4884
580 405 790 471 ..gq-

218 728 266 794 De
287 728 490 795 satisdatione
512 735 651 796 tutorum
674 735 707 795 at
728 735 915 796 curatorum.
960 726 1081 794 Titulus
1104 727 1153 792 24.

216 914 295 980 (lum
317 919 355 982 de
378 919 537 984 curatione
559 916 809 996 uocauerimus,
832 918 988 997 quomodo
1003 933 1113 998 nempe
1136 916 1248 982 consti·

123 1040 241 1100 tuatur
262 1043 294 1100 et
315 1037 458 1103 soluatur
480 1044 512 1102 et
533 1038 686 1118 quomodo
702 1037 827 1119 quidam
851 1027 891 1101 ad
907 1033 1004 1099 XXV
1020 1054 1135 1100 annum
1150 1051 1248 1116 usque

124 1155 160 1217 in
187 1173 261 1218 cura
282 1156 355 1233 sint,
377 1156 503 1235 quidam
525 1164 639 1234 autem,
663 1157 717 1238 qui
740 1157 779 1222 ob
795 1155 950 1238 quendam
967 1157 1110 1222 morbum
1126 1155 1248 1222 incure

126 1279 214 1350 sunt,
238 1273 335 1340 donec
358 1294 394 1341 eo
416 1276 603 1356 liberentur,
633 1296 714 1342 nunc
743 1277 781 1341 de
810 1277 943 1359 quadem
974 1279 1007 1340 r'e
1036 1272 1124 1340 nobis
1152 1273 1245 1356 dispi·

126 1392 276 1458 ciendum
304 1401 368 1473 est,
397 1412 477 1475 quae
510 1396 549 1460 ad
577 1401 698 1461 tutores
726 1397 817 1461 simul
845 1402 877 1461 et
909 1401 1068 1460 curatores
1102 1393 1247 1476 pertinet.
1283 1399 1299 1449 ὅ

127 1513 257 1594 utrique
280 1513 361 1577 enim
385 1513 467 1578 datis
490 1511 725 1582 fideiussoribus
747 1516 920 1581 cautionem
942 1520 1103 1596 praestare
1126 1513 1249 1588 debent,

127 1647 184 1696 res
200 1632 275 1708 eius,
294 1631 394 1713 quiin
410 1633 509 1699 tutela
525 1640 580 1699 aut
594 1653 669 1700 cura
684 1640 740 1710 est,
763 1635 901 1715 integras
916 1640 1077 1700 seruatum
1101 1633 1148 1698 iri.
1172 1632 1250 1698 haee

128 1755 183 1814 est
204 1751 283 1814 enim
306 1750 440 1815 maxima
462 1753 614 1831 praetoris
637 1771 722 1818 cura.
745 1753 852 1834 excipe
874 1763 978 1818 tamen
995 1759 1130 1818 tutorem
1152 1755 1250 1816 testa-

127 1879 240 1934 mento
262 1872 378 1947 datum,
403 1873 457 1952 qui
479 1872 633 1937 satisdare
656 1891 716 1937 non
739 1873 869 1952 cogitur,
893 1869 1016 1938 fidelem
1040 1873 1121 1936 enim
1144 1889 1181 1936 ec
1204 1871 1250 1935 di-

127 1989 371 2070 ligentissimum
394 2010 464 2055 eum
487 1991 625 2057 futurum
648 2010 716 2057 esse
731 1991 763 2056 in
779 1992 872 2056 rebus
887 1989 1141 2057 administrandis
1156 1995 1251 2054 teste·
1271 2004 1302 2054 lo

129 2111 212 2176 toris
235 2111 379 2191 probauit
401 2112 558 2176 iudicium.
596 2112 672 2176 item
693 2111 747 2194 qui
771 2131 807 2178 ex
830 2111 1030 2194 inquisitione
1052 2116 1173 2176 tutores
1196 2115 1251 2174 aut

129 2237 294 2296 curatores
316 2230 383 2295 deti
406 2240 479 2298 sunt
500 2234 654 2297 satisdare
676 2252 737 2298 non
759 2238 922 2313 coguntur,
944 2232 1071 2296 idoneos
1095 2232 1174 2296 enim
1198 2247 1250 2296 eos

131 2369 205 2418 esse
227 2352 431 2431 magistratus
453 2352 611 2433 inquisitio
634 2357 777 2417 testatur.
822 2352 898 2416 haec
928 2357 1031 2416 autem
1062 2349 1177 2431 inquiri
1204 2366 1250 2411 so·

130 2471 209 2546 lent,
233 2489 272 2534 an
295 2468 431 2551 locuples
455 2471 512 2545 sit,
541 2489 581 2534 an
609 2471 708 2536 bonae
734 2470 830 2551 frugi,
862 2488 902 2535 an
932 2471 1061 2551 pignera
1090 2467 1175 2532 uitae
1198 2468 1252 2532 ha-

131 2593 222 2668 beat,
251 2590 342 2656 idest
359 2590 486 2656 liberos:
517 2590 571 2672 qui
599 2592 679 2655 enim
708 2589 823 2655 liberos
854 2590 949 2655 habet
976 2587 1065 2654 nouit
1094 2587 1301 2670 quomodote

131 2707 263 2791 pupillis
286 2710 508 2774 consulendum
532 2709 589 2786 sit,
612 2711 725 2789 quibus
753 2711 784 2774 in
815 2710 916 2775 locum
945 2710 1045 2792 patris
1073 2713 1121 2772 est
1149 2706 1250 2785 datus,

86 2853 110 2901 1,
131 2835 168 2893 et
191 2847 230 2892 an
253 2831 385 2910 patriam
408 2848 495 2894 suam
519 2829 636 2911 diligat.
680 2832 707 2892 l.
740 2827 900 2895 Interdum
923 2835 1025 2894 tamen
1048 2829 1107 2910 ipsi
1129 2844 1253 2909 quoque

132 2949 300 3014 satisdant.
324 2967 394 3014 nam
417 2950 443 3012 si
466 2950 528 3015 duo
550 2948 696 3031 pluresue
719 2969 756 3014 ex
776 2953 964 3014 testamento
987 2948 1038 3013 nel
1052 2945 1252 3027 inquisitione

132 3073 259 3135 tutores
281 3076 483 3136 curatoresue
506 3069 571 3136 dati
593 3068 723 3143 luerint,
750 3086 857 3134 eorum
879 3071 984 3133 summ
1007 3085 1087 3132 unns
1110 3066 1187 3130 satis
1209 3063 1253 3129 of-

131 3189 217 3253 ferat
238 3189 276 3253 de
303 3189 507 3255 indemnitate
535 3188 646 3271 pupilli
676 3189 726 3255 nel
753 3189 976 3267 adulescentis,
1007 3183 1164 3251 contutori
1194 3189 1249 3248 eut
1267 3190 1301 3240 20

133 3307 332 3373 concuratori
352 3310 531 3388 praefertur
553 3316 584 3374 et
605 3308 691 3374 solus
713 3307 919 3373 administrat.
953 3307 1051 3371 tutior
1073 3303 1155 3370 enim
1178 3302 1254 3367 adu·

133 3430 264 3494 lescenti
292 3429 341 3493 uel
371 3427 488 3510 pupillo
518 3429 682 3494 satisdatio
711 3433 774 3508 est,
802 3445 894 3510 quam
924 3425 1062 3492 defuncti
1092 3421 1252 3498 iudicium,
1328 3413 1330 3418 ’

134 3549 192 3630 qui
214 3556 245 3614 et
267 3547 331 3615 falli
353 3555 492 3630 poterat,
521 3549 602 3613 sicut
624 3556 656 3614 et
678 3549 880 3630 magistratus
909 3548 940 3612 in
968 3545 1176 3630 inquisitione.
1221 3549 1253 3607 et
