3022 4884
674 479 716 492 -
762 431 832 508 154·
867 477 908 490 -

231 629 304 692 ἀλλ’
326 629 432 716 ἐπειδή
453 633 517 702 τῶν
539 615 750 717 κληρονομιῶν
772 629 862 716 διπλῆ
883 629 928 704 τίς
947 627 1027 693 ἐστιν
1054 631 1074 714 ή
1102 633 1209 715 κτῆσις
1230 627 1264 716 (t)
1293 627 1362 712 γὰρ

235 730 269 794 ἐκ
291 728 443 818 διαθήκης
465 730 484 817 ή
506 731 544 812 ἐξ
563 728 732 797 άδιαθέταυ
754 731 824 818 ήμῖν
847 731 1105 815 προςγίνονταιῑ),
1128 731 1180 802 δεῖ
1200 731 1361 819 πρότερον

235 835 383 919 περὶτῆς
405 832 439 896 ἐκ
462 832 613 921 διαθήκης
636 833 875 922 προςγινομένης
897 833 1105 922 διαλεχθῆναι.
1149 835 1199 898 καί
1221 833 1301 912 τέως
1322 833 1361 896 ἐν

236 934 405 1033 προοιμίοις
427 934 550 1008 διδάξαι
566 937 630 1024 χρή
652 936 717 1000 τίνα
740 937 855 1014 τρόπον
876 937 908 999 αἱ
930 936 1085 1027 διαθῆκαι
1101 934 1246 1020 γίνονται.

414 1563 462 1628 De
484 1563 681 1629 testamentis
702 1563 896 1630 ordinandis.
905 1563 930 1647 ¹)
978 1563 1101 1630 Titulus
1126 1567 1174 1630 10.

201 1739 219 1788 υ
321 1718 388 1803 Πρὸ
411 1718 473 1782 τῶν
495 1718 596 1782 άλλων
619 1719 783 1801 ἀναγκαῖον
811 1719 905 1783 ελπεῖν
933 1721 985 1782 τδν
1013 1724 1071 1806 τῆς
1099 1719 1254 1806 διαθήκης
1280 1721 1358 1804 ὅρον

238 1823 304 1908 ήτοι
325 1821 565 1905 ἐτυμολογίανδ)
588 1821 638 1906 ήί)
653 1820 786 1908 διαθήκη
810 1821 896 1908 παρὰ
918 1822 1071 1904 Ρωμαίοις
1091 1821 1218 1905 λέγεται
1239 1825 1361 1886 testa·

237 1928 407 1990 mentum
429 1921 573 1986 ἐντεῦθεν
601 1921 757 2009 δεξαμένη
786 1924 840 2010 τήν
869 1923 1072 2006 ἐτυμολογίαν
1102 1923 1206 2007 quod
1235 1927 1361 1988 testa·

237 2027 296 2091 tio
319 2025 460 2090 mentis
483 2027 583 2107 δολί),
606 2025 713 2110 ἐπειδή
733 2027 940 2110 μαρτυρίανθ)
963 2024 1030 2114 ἔχει
1059 2030 1115 2112 τῆς
1137 2030 1190 2090 τοῦ
1217 2027 1360 2112 τελευτή·

240 2151 353 2214 σαντος
374 2127 519 2202 διανοίας.
558 2131 585 2191 l.
608 2123 676 2191 Ἵνα
698 2128 735 2192 δέ
754 2129 854 2214 μηδὲν
876 2129 978 2214 ήμῖνί)
1001 2133 1062 2192 τῶν
1086 2129 1179 2192 πάλαι
1203 2131 1358 2192 πολιτευο·
1380 2127 1404 2175 ¹·

189 2247 222 2300 10
236 2231 339 2316 μένων
361 2229 517 2313 άγνιυστον
532 2229 593 2317 εἴη,
616 2230 670 2294 κάν
693 2233 712 2318 ή
735 2232 853 2295 τούτων
875 2231 983 2314 ἄγνοια
1005 2230 1119 2294 οὐδένα
1142 2231 1234 2317 φέρει
1263 2231 1360 2294 κίνδυ-

239 2358 300 2413 νον,
323 2333 392 2395 ἀλλ’
414 2329 469 2395 οὖν
492 2335 571 2416 πρὸς
597 2333 733 2415 ἱστορίαν
763 2335 811 2395 καὶ
838 2335 874 2395 τδ
901 2332 1014 2416 μαθεῖν
1044 2337 1112 2408 πῶς
1141 2333 1217 2396 κατὰ
1249 2335 1362 2420 μικρὸν

239 2436 400 2519 προϊόντος
421 2433 561 2520 ήμείφθη
584 2437 637 2497 τοῦ
653 2435 782 2521 χρόνον,
806 2435 900 2498 εἰπεῖν
922 2435 976 2499 οὐκ
999 2435 1124 2500 ἄτοπον.
1173 2436 1206 2498 τδ
1230 2438 1362 2499 παλαιὸν

238 2539 295 2616 δύο
316 2539 390 2625 γένη
418 2537 454 2624 ήν
484 2536 655 2624 διαθηκῶν,
686 2539 733 2600 καὶ
763 2539 796 2601 τδ
822 2537 880 2621 μὲν
909 2537 1032 2620 ἐλέγετο
1066 2537 1180 2602 caletis
1209 2538 1360 2615 semitis,

237 2645 273 2706 τὸ
296 2641 332 2706 δὲ
353 2641 595 2724 procinctum)
624 2642 673 2704 καὶ
694 2642 729 2703 τὸ
750 2641 808 2724 μὲν
830 2640 942 2705 calatis
963 2639 1100 2705 comitiis
1115 2640 1235 2720 ἐγίνετο
1256 2643 1359 2726 καιρῷ

190 2748 221 2800 15
239 2745 366 2828 εἰρήνης
387 2742 434 2817 δὶς
457 2746 509 2806 τοῦ
532 2743 671 2806 ἐνιαυτοῦ
695 2740 802 2807 τοῦτον
824 2745 876 2806 τὸν
898 2743 1022 2826 τρόπον.
1067 2743 1210 2829 διήρυξ
1234 2743 1361 2807 ἅπασαν

162 2903 164 2908 ,
240 2843 359 2931 περιῄει
380 2845 435 2930 τὴν
458 2844 542 2908 πάλιν
564 2846 723 2925 συγκαλῶν
747 2849 793 2908 καὶ
816 2850 874 2920 πᾶς
900 2847 918 2909 δ
940 2846 1039 2934 δήμος
1069 2846 1240 2935 συνέτρεχε
1274 2847 1361 2909 καὶὸ

238 2946 431 3030 βουλόμενος
453 2946 511 3010 ὑπὸ
532 2949 667 3033 μάρτυρι
688 2946 841 3013 διετίθετο
871 2948 1040 3036 τῷδήμῳ.
1093 2947 1211 3034 εζοηται
1246 2949 1284 3011 δὲ
1311 2967 1362 3012 oa-

239 3049 314 3116 latis
334 3048 469 3114 comitiis
491 3049 653 3122 ἐντεῦθεν·
676 3050 783 3115 calare
805 3050 869 3114 ἐστὶ
896 3053 931 3113 τδ
962 3052 1107 3131 καλεῖν,
1130 3051 1260 3116 comitia
1283 3051 1361 3136 δέή

242 3153 423 3226 σύνοδος.
468 3152 573 3239 ἐπειδή
596 3151 650 3216 οὖν
673 3143 853 3237 καλούμενοι
883 3153 1040 3231 συνίεσαν,
1069 3151 1185 3240 ἐκλήθη
1216 3153 1362 3218 calatis

190 3271 225 3325 20
241 3256 428 3322 comitiis.
452 3257 539 3320 τὸδὲ
559 3256 726 3340 procinctu
747 3255 863 3338 ἐγίνετο
885 3255 970 3341 ήνίκα
991 3254 1123 3342 ἤμελλον
1147 3253 1260 3327 ἐξιέναι
1284 3255 1359 3336 εἷς’)

242 3361 375 3445 πόλεμον
396 3362 432 3424 τδ
455 3358 553 3444 ὄνομα
575 3359 789 3443 δεξάμενονῑθ)
813 3358 847 3421 ἐκ
868 3361 921 3422 τοῦ
945 3359 1103 3446 σχήματος
1135 3357 1213 3439 δττερ
1237 3355 1363 3445 ξγοντες

241 3461 426 3527 διετέθεντο.
471 3460 651 3545 procinctus
673 3462 733 3546 γὰρ
760 3460 880 3543 λέγεται
907 3462 925 3524 δ
953 3459 1131 3544 ἐζωσμένος
1161 3461 1211 3523 καὶ
1239 3458 1363 3544 ἕτοιμος

276 3717 459 3784 1)-εταιΡ,
511 3715 534 3786 θ)
553 3716 616 3786 περὶ
632 3709 761 3786 διαθήκης
777 3715 974 3774 καταστάσεως
990 3714 1033 3768 ad.
1050 3713 1123 3770 libri.
1174 3715 1197 3782 θ)
1215 3713 1302 3776 ἐτοιμ.
1321 3713 1360 3768 Μ.

241 3804 264 3870 ⁴)
283 3802 313 3854 δὲ
330 3803 406 3857 omisi
423 3818 484 3858 eum
501 3803 539 3858 M.
684 3804 707 3870 ὅ)
723 3801 772 3857 Ll.
791 3801 840 3855 11².
858 3801 896 3856 Μ.
914 3799 1098 3868 (testamentis
1115 3799 1215 3864 ἐστιν);
1234 3798 1289 3851 Ιιθ.
1310 3795 1364 3853 ἔτι

242 3889 290 3941 sit
306 3887 369 3944 edit.
492 3945 493 3948 Ἴ
534 3889 558 3955 ⁶)
575 3888 616 3941 ἐπ.
633 3888 774 3957 μαρτυρία
790 3886 907 3946 διανοίας
924 3885 984 3938 ἐστὶ
1002 3884 1116 3954 καὶγὰρ
1134 3883 1291 3953 μαρτυρίαν
1310 3888 1362 3938 cet.

243 3972 284 4028 Vi.
301 3971 334 4026 R.
450 3972 473 4040 ⁷)
491 3971 516 4026 d.
534 3970 575 4026 vi.
593 3972 627 4027 R.
745 3971 824 4038 ⁸)ita
842 3967 1361 4038 M.h1.1.2.=-tumet.:npoms-

243 4074 292 4110 τοο
314 4057 476 4126 proquinetu
498 4057 640 4126 procinctu
661 4057 742 4111 Taur.
765 4057 928 4127 προκινήτοο
956 4055 1115 4124 προκίνιιτου
1139 4054 1290 4121 προκίνατα
1313 4051 1362 4106 Le.

241 4142 264 4211 ⁹)
284 4143 327 4195 ἐπί
345 4143 395 4198 ῙιῙ.
412 4143 460 4197 1.2.
478 4141 510 4196 F.
610 4143 646 4210 10)
665 4161 737 4194 -νοι
759 4141 810 4196 11⁶.

311 4244 631 4317 &mmmmm
