2990 4884
263 582 375 674 σαντυς
397 601 445 662 καί
467 600 503 662 τὰ
525 599 731 688 δαπανήματα
751 605 808 686 τῆς
829 603 963 685 γραφῆς,
986 600 1030 685 μή
1046 598 1231 680 καταβαλῶν
1247 599 1380 682 ἑτοίμως

262 701 494 787 ἐκβληιίήσομαι
529 702 579 765 διὰ
613 707 669 790 της
696 707 750 768 τοῦ
778 703 871 766 δόλου
905 707 1134 788 παραγραφῆς,
1167 702 1201 766 ἐν
1236 699 1265 788 ᾦ
1295 701 1381 766 bona

260 803 358 887 fide1)
395 805 506 888 νομεὺς
532 803 608 890 ήνό
636 808 733 868 ταῦτα
763 805 930 889 πράξαςδ)
987 806 1037 868 34.
1072 805 1189 888 Λαβών
1218 825 1263 878 τις
1290 804 1424 874 ἀλλο-34,

260 908 347 992 τρίαν
369 907 480 972 σανίδα
502 907 712 994 ἐζωγρόφησε
735 909 782 970 καί
805 908 908 970 εἰκόνα
928 907 1165 971 κατεσκεύασεν.
1195 907 1277 981 τίνος
1299 905 1379 968 ἐστίν

226 1011 280 1096 5ή
303 1009 401 1088 εἰκὼν,
424 1009 571 1098 ἐζητήόη.
614 1011 665 1073 καί
687 1011 715 1072 οί
735 1011 792 1094 μὲν
815 1009 938 1092 λέγουσι
962 1012 1013 1073 τὸν
1038 1011 1207 1094 ζωγράφον
1236 1008 1379 1088 γίνεσόαι

260 1111 414 1198 δεσπότην
436 1117 493 1202 τῆς
514 1112 639 1189 σανίδος
659 1115 708 1176 καί
735 1114 789 1198 τὴν
815 1111 924 1176 σανίδα
953 1111 1039 1174 εἴκειν
1062 1114 1100 1196 τῇ
1121 1113 1245 1196 γραφῇ,
1275 1110 1378 1196 ἕτεροι

260 1215 296 1278 δὲ
321 1217 375 1279 τὸν
400 1220 455 1301 τής
484 1215 607 1288 σανίδος
635 1215 821 1300 δεσπότηνί)
851 1219 908 1300 τῆς
937 1219 1065 1298 γραφῆς
1099 1211 1239 1294 γίνεσδαι
1273 1213 1378 1296 κύριόν

260 1339 363 1401 φασιν,
387 1317 593 1404 ὁπωσδήποτε
616 1317 662 1403 εἰη
683 1319 835 1404 4)γραφή.
880 1318 897 1378 ό
920 1314 956 1379 δὲ
982 1316 1135 1402 ήμέτερος
1155 1315 1303 1396 βασιλεὺς
1326 1317 1379 1401 τήν

260 1419 444 1505 πρυτέρονῦ)
466 1420 581 1501 μᾶλλον
603 1419 732 1491 ἐδέξατο
755 1419 952 1504 γνώμηνκαὶ
978 1420 1028 1480 τὸν
1045 1418 1300 1502 ζωγραφήσαντα
1322 1423 1377 1505 της

211 1533 243 1583 10
260 1523 376 1596 εἰκόνος
397 1522 535 1604 γίνεσδαι
554 1522 704 1604 βούλεται
712 1521 738 1604 ⁶)
761 1522 927 1608 δεσπότην.
973 1521 1198 1602 καταγέλαστον
1227 1522 1290 1602 γὰρ
1313 1521 1378 1584 ἐνό-

257 1647 344 1708 μισεν
367 1623 445 1688 εἶναι
466 1627 520 1710 τήν
548 1624 717 1706 Ἀπέλλουί)
746 1623 968 1710 ζωγραφίανή
999 1623 1216 1710 Παρρασίοοί)
1246 1625 1377 1688 ὑπείκειν

259 1729 297 1812 τή
325 1725 527 1814 εἰντελεστάτη
557 1724 662 1789 σανίδι.
717 1727 792 1789 όδεν
822 1728 848 1789 εἰ
877 1729 893 1788 ό
922 1731 979 1814 τής
1006 1726 1131 1801 σανίδος
1162 1727 1316 1813 δεσπότης
1345 1727 1376 1788 ἐν

259 1831 373 1916 κατοχῇ
394 1828 501 1911 γέγονε
523 1833 579 1914 τῆς
600 1830 725 1908 εἰκόνος,
749 1832 767 1893 ό
789 1829 825 1893 δὲ
849 1831 1065 1916 ζωγραφήσας
1087 1830 1163 1918 έλδη
1194 1835 1285 1895 κινῶν
1308 1830 1375 1893 κατ’

259 1933 353 1994 αὐτοῦ
376 1934 429 2019 τήν
450 1931 482 1995 in
504 1953 571 1996 rom
590 1935 634 2018 μὴ
662 1933 848 2016 καταβαλὼν
877 1935 912 1996 τὸ
941 1938 997 2019 τῆς
1020 1934 1146 2009 σανίδος
1171 1933 1297 2019 τίμημα,
1327 1931 1377 1994 διὰ

211 2059 241 2109 15
259 2037 315 2119 τῆς
327 2037 383 2096 τοῦ
405 2034 499 2098 δόλου
521 2041 733 2123 παραγραφῆς
754 2035 987 2122 ἐκβληδήσεται.
1016 2036 1043 2098 εἰ
1065 2035 1102 2099 δὲ
1123 2037 1140 2098 ό
1164 2035 1376 2120 ζωγραφήσας

261 2137 383 2220 νέμεται
405 2139 459 2224 τήν
480 2139 592 2216 εἰκόνα,
615 2138 684 2201 τότε
707 2141 723 2200 ό
746 2143 801 2225 τῆς
828 2138 952 2212 σανίδος
980 2138 1134 2226 δεσπότης
1155 2138 1300 2202 directim
1320 2137 1375 2220 μὲν

216 2302 218 2306 .
257 2237 291 2301 in
311 2259 381 2304 rem
402 2237 514 2328 ἔγεινθ)
543 2239 579 2303 οἰ)
607 2239 747 2318 δύναται,
776 2239 907 2312 ἐξέπεσε
935 2241 996 2322 γὰρ
1025 2244 1082 2325 τῆς
1111 2239 1294 2315 δεσποτείας
1321 2243 1374 2326 τῆς

258 2345 382 2428 γραφής
404 2340 602 2430 ἐπιτεόείσης,
626 2342 744 2405 δίδοται
766 2341 801 2404 δὲ
824 2340 911 2426 αὐτῷ
934 2341 1026 2406 utilia
1035 2343 1072 2423 ¹⁰)
1095 2342 1128 2406 in
1150 2362 1234 2420 rem,
1265 2341 1315 2405 ἵνα
1337 2363 1373 2402 κι·

260 2447 319 2506 νῶν
349 2442 431 2506 οὕτω
461 2443 551 2531 λέγη·
585 2445 728 2507 ὡσανεὶ
756 2443 976 2531 δπήργονη)
1008 2442 1218 2529 δεσπότης.
1275 2441 1373 2530 τῇδὲ

208 2565 242 2616 20
259 2545 406 2633 εἰρημένη
433 2544 569 2630 utiliqff)
598 2545 631 2609 in
659 2566 726 2610 rem
755 2547 927 2633 γμιίμενος,
957 2547 985 2608 εἰ
1002 2547 1047 2632 μή
1070 2547 1216 2634 παράσγη
1246 2547 1284 2610 τὰ
1308 2547 1374 2629 περί

258 2651 313 2735 τήν
336 2650 517 2734 ζωγραφίαν
539 2651 690 2733 γενόμενα
712 2650 919 2735 δαπανήματα
941 2651 988 2732 τῷ
1009 2647 1095 2712 bona
1115 2647 1179 2713 fide
1208 2649 1374 2736 ζωγραφή·

261 2774 356 2831 σαντι,
380 2751 543 2824 ἐξωδείται
564 2752 614 2815 διὰ
637 2755 690 2837 τῆς
711 2754 765 2814 τοῦ
788 2751 924 2831 δόλουῑί)
949 2755 1171 2836 παραγραφῆς.
1208 2753 1373 2815 καὶταῦτα

257 2853 316 2937 μὲν
338 2855 568 2937 τετρακτάϊστω
588 2855 661 2918 ὅσον
691 2851 738 2916 ἐπὶ
764 2861 802 2940 τῇ
829 2852 999 2938 δεσποτεία
1028 2857 1083 2940 τῆς
1110 2855 1242 2928 εἰκόνος·
1278 2854 1373 2918 ἐκεῖνο

259 2957 319 3041 γὰρ
342 2961 403 3019 τῶν
426 2956 673 3043 ὡμολογημένων
697 2956 792 3033 ἐστιν,
816 2957 861 3019 ότι
884 2955 950 3018 εἴτε
978 2959 995 3018 ό
1024 2957 1238 3041 ζωγραφήσας
1268 2954 1374 3040 ἔκλεψε

172 3141 173 3144 ¹
208 3081 241 3132 ατ,
258 3059 314 3144 τὴν
335 3058 454 3138 σανίδα,
477 3057 537 3122 εἴτε
559 3059 666 3144 ἕτερός
687 3079 741 3138 τις,
763 3058 883 3122 δίδοται
914 3063 959 3145 τῷ
981 3058 1117 3145 δεσπότη
1145 3059 1165 3143 ή
1195 3057 1273 3124 furti
1299 3059 1374 3122 κατὰ

258 3163 312 3224 τοῦ
345 3160 484 3224 κλέπτου.
539 3161 590 3224 35.
616 3158 828 3236 <Υποπτεόσας
860 3159 938 3224 εἶναί
971 3184 1006 3224 σε
1033 3159 1185 3246 δεσπότην
1215 3161 1416 3244 ἀλλότριονυο.
1477 3241 1478 3246 ¹

257 3261 399 3346 ἠγόρασα
422 3261 507 3347 παρὰ
528 3263 583 3324 σοῦ
606 3262 702 3345 ἀγρὸν
725 3260 744 3346 ή
766 3261 843 3324 κατὰ
871 3260 997 3345 δωρεὰν
1027 3259 1140 3343 ἔλαβον
1168 3260 1188 3346 ή
1217 3261 1255 3334 ἐξ
1282 3263 1374 3349 ἄλλης

258 3363 354 3437 αἰτίας
375 3363 513 3446 εὐλόγου,
537 3361 621 3430 bona
648 3361 712 3428 fide
739 3363 864 3447 μέντοι,
894 3362 959 3427 οἷον
987 3364 1049 3426 ἀπὸ
1079 3363 1372 3446 permutationos¹⁴)

326 3603 348 3668 1)
365 3601 405 3654 ita
421 3600 459 3654 M.
478 3608 529 3654 cet.
550 3615 613 3654 -ao
630 3599 701 3655 fidei.
737 3601 808 3671 καλῇ
825 3601 915 3654 πίστει
933 3601 981 3654 1ιῖ.
1095 3601 1119 3668 ²)
1139 3602 1200 3656 dedi
1218 3617 1253 3656 ex
1270 3602 1308 3656 M.
1325 3601 1372 3654 Ll.

258 3689 320 3742 L².:
339 3696 390 3742 cet.
408 3688 528 3757 γράφας.
717 3689 740 3754 ³)
756 3687 800 3740 καί
817 3689 859 3743 ad.
879 3689 921 3744 Vi.
939 3689 970 3744 F.
989 3689 1036 3756 R.;
1057 3688 1151 3759 κόριον
1168 3707 1217 3756 γιν.
1234 3706 1263 3755 φ.
1282 3688 1323 3743 vi.
1341 3687 1372 3740 R.
1477 3679 1478 3710 ί

256 3777 281 3839 4)
297 3774 314 3842 ἡ
331 3772 392 3828 add.
411 3772 460 3826 111.
478 3773 527 3826 [st.
544 3773 576 3827 F.
716 3775 739 3839 ⁵)
757 3792 847 3842 -ριον
868 3774 899 3828 G.
1008 3775 1030 3843 6)
1048 3775 1126 3840 βοόλ.
1144 3776 1195 3842 γίν.
1213 3775 1263 3828 11⁶.
1282 3773 1325 3829 vi.
1341 3773 1371 3827 Β.

258 3859 280 3926 7)
298 3858 442 3927 ζωγρσφος
459 3859 490 3910 δὲ
509 3855 588 3918 οὗτος
605 3861 662 3910 τῶν
680 3859 752 3927 παρ’
769 3855 875 3930 έλλησιν
895 3859 1125 3926 ἀριστευσάντων
1150 3859 1210 3913 αδδ.
1234 3859 1309 3925 libri,
1333 3858 1371 3912 ed.
1477 3891 1478 3902 ι

258 3961 327 3999 omn.
345 3951 387 3998 sot
404 3945 536 4012 glossema
554 3945 668 4010 sapiunt.
770 3945 792 4012 ⁸)
810 3944 974 4013 ηὐδοκίμησε
995 3944 1025 3996 δὲ
1036 3943 1119 4004 οὖτος
1130 3943 1205 4013 παρὰ
1220 3942 1372 4007 *Ρωμαίοιςι

258 4029 322 4083 item
339 4029 471 4096 glossema
489 4029 617 4084 redolent.
720 4031 745 4094 ⁹)
762 4029 800 4100 ἔχ.
818 4030 836 4084 i.
853 4045 874 4082 r.
895 4044 966 4084 omn.
985 4037 1094 4098 praeter
1111 4029 1149 4082 M.
1270 4031 1306 4096 10)
1324 4031 1371 4082 uti·
1477 4035 1478 4104 3

257 4116 291 4169 lis
307 4115 340 4172 R.
443 4117 479 4182 11)
496 4131 577 4184 -χεν
595 4115 637 4169 ed.
654 4121 709 4168 ant.
727 4114 759 4168 F.
861 4113 897 4182 12)
914 4112 975 4167 utili
994 4113 1026 4168 R.
1046 4114 1134 4167 -lian
1152 4113 1190 4168 M.
1259 4114 1370 4181 1³)‹161u

258 4203 296 4257 M.
399 4204 435 4270 14)
452 4203 546 4270 scripsi
564 4217 597 4255 ex
616 4201 652 4255 M.
672 4199 788 4254 L1.L².
1477 4187 1478 4194 '
