2990 4884
561 408 771 472 -98..

102 593 222 672 prietes
237 599 342 660 autem
358 613 464 660 eorum
477 593 602 660 illorum
617 599 675 672 ost,
697 614 829 676 quornm
844 596 982 678 proediis
997 597 1135 664 haerent
1159 617 1222 680 qno

102 713 143 776 de
158 729 256 776 causa
278 712 405 778 arbores
427 711 459 777 in
474 711 585 777 iisdem
606 714 683 795 ripis
701 719 794 781 notae
812 713 936 780 illorum
958 723 1033 782 sunt
1053 716 1167 795 quibus
1189 723 1222 782 et

66 843 86 890 5.
102 831 174 912 ripa
195 833 347 911 pertinet:
371 831 491 897 accedit
517 829 600 898 enim
627 831 694 898 solo
715 833 799 914 quod
821 835 851 898 in
876 852 912 901 eo
934 842 991 901 est.
1027 835 1055 899 5.
1080 834 1222 900 Litorum

101 969 228 1034 quoque
258 969 335 1015 usus
366 951 510 1032 publicus
539 971 594 1017 seu
621 952 698 1017 iuris
727 954 866 1034 gentium
892 962 940 1019 est
967 956 1048 1019 sicut
1070 960 1102 1019 et
1122 955 1222 1038 ipsius

100 1073 212 1136 moris:
236 1075 268 1136 et
291 1072 330 1135 ob
355 1071 388 1136 id
404 1072 595 1154 quibuslibet
610 1072 788 1140 uolentibus
802 1073 934 1140 incultos
957 1075 1050 1140 datur
1072 1092 1160 1140 casas
1177 1075 1223 1140 ibi
1254 1081 1272 1132 ⁶

101 1189 291 1270 imponendi,
307 1191 338 1256 in
355 1189 468 1273 quibus
483 1211 517 1258 se
531 1192 670 1274 recipere
691 1195 822 1275 possint,
843 1194 925 1260 sieut
941 1199 974 1260 ot
988 1194 1069 1260 notio
1083 1193 1221 1260 siccandi

104 1315 136 1373 et
157 1329 197 1374 ex
211 1329 299 1376 moro
314 1310 499 1377 deducendi:
522 1311 616 1378 litora
630 1317 735 1378 eutem
749 1312 865 1378 nullius
880 1311 1057 1393 specialiter
1078 1313 1109 1378 in
1132 1314 1221 1381 bonis

105 1445 174 1494 esso
196 1429 441 1510 intelleguntun
464 1437 539 1495 snut
561 1433 641 1496 enim
665 1431 802 1496 eiusdem
818 1430 896 1496 iuris
924 1431 1012 1497 cuius
1027 1438 1060 1497 et
1081 1449 1166 1497 mare
1188 1439 1221 1496 ot

68 1554 87 1602 6·
104 1567 184 1628 quae
207 1547 350 1615 subiacet
371 1548 451 1614 mari
473 1553 558 1615 terro
579 1549 631 1616 nel
653 1549 779 1615 harena.
829 1549 858 1613 6.
892 1549 1115 1616 Uniuersitatis
1137 1557 1219 1628 sunt,

103 1686 164 1734 nou
187 1667 393 1748 singulorum,
416 1668 515 1733 ueluti
538 1686 619 1748 quae
641 1669 672 1734 in
695 1667 877 1735 ciuitatibus
903 1675 978 1734 sunt
1006 1669 1130 1735 theatro
1158 1674 1220 1734 stn-
1241 1682 1273 1734 lo

103 1787 154 1854 dio
175 1785 305 1870 publico
327 1786 449 1852 balineo
470 1789 609 1870 porticus
632 1794 664 1853 et
685 1806 766 1872 quoe
792 1789 853 1854 alin
882 1794 956 1855 sunt
984 1789 1159 1854 communia
1180 1788 1221 1852 oi·

65 1909 85 1961 'l-
102 1907 260 1974 uitatinm.
293 1908 321 1969 l.
345 1907 469 1973 Nullius
484 1914 558 1972 sunt
578 1926 629 1973 res
651 1927 759 1974 snoroe
781 1913 813 1974 et
835 1907 1000 1990 religiosus
1027 1915 1059 1974 ot
1080 1915 1220 1976 mutue:

66 2040 87 2090 s.
103 2030 184 2108 quod
207 2030 292 2094 enim
319 2027 419 2094 diuini
450 2027 528 2092 iuris
557 2034 606 2093 est
632 2028 664 2092 id
690 2027 807 2094 nullius
832 2029 866 2093 iu
887 2027 977 2094 bouis
998 2035 1057 2094 est.
1102 2029 1132 2093 8.
1167 2025 1222 2092 So·

104 2167 154 2214 oro
176 2155 253 2214 sunt
273 2165 354 2228 quoe
376 2148 444 2214 iure
473 2155 506 2228 et
532 2149 593 2213 rite
620 2155 653 2212 et
679 2167 736 2229 per
764 2143 926 2228 pontifices
952 2147 1011 2212 deo
1040 2155 1221 2214 consecrato

103 2273 182 2346 sunt,
207 2267 303 2333 sionti
326 2267 473 2334 ecclesius
496 2273 528 2333 et
549 2267 687 2333 oratoria
715 2272 748 2333 et
774 2266 925 2348 martyrio
954 2271 986 2331 et
1015 2267 1111 2344 dona,
1140 2283 1221 2345 quoe
1240 2286 1271 2337 15

103 2388 160 2452 rite
183 2387 226 2452 od
249 2384 457 2452 ministerium
480 2384 530 2451 dei
553 2387 696 2452 dedicata
725 2391 816 2464 sunt,
846 2385 943 2451 ueluti
969 2383 1107 2466 pretioso
1129 2385 1221 2451 cime-

103 2509 150 2574 lis.
197 2509 277 2572 haec
302 2523 378 2571 nero
401 2505 581 2572 constitutio
604 2504 735 2585 piissimi
757 2504 905 2586 principis
926 2504 1026 2570 nostri
1040 2502 1173 2568 alienari
1189 2508 1221 2568 et

104 2628 235 2710 obligari
268 2624 440 2707 prohibuit,
474 2631 603 2708 excepto
630 2644 726 2692 coust
761 2625 983 2710 redemptionis
1012 2623 1219 2706 captiuorum.

104 2765 172 2812 nom
194 2748 222 2812 si
244 2747 405 2827 continget
426 2745 577 2825 quosdam
599 2763 619 2811 a
639 2745 783 2812 turbaris
804 2745 890 2827 oapi,
920 2763 1090 2828 suumque
1111 2743 1220 2811 niniu-

104 2866 142 2930 tis
164 2865 393 2931 sanctissimam
423 2865 586 2931 eeclesiam
607 2865 740 2946 pecunie
767 2883 888 2944 carere,
915 2863 1041 2932 licentio
1068 2862 1221 2932 tribuitur
1237 2871 1272 2923 no

105 2983 188 3050 urbis
210 2984 356 3067 episeopo
379 3001 434 3050 seu
456 3000 625 3050 oeconomo
647 2983 786 3065 pretiosa
807 2999 884 3051 noso
899 2981 1056 3051 uendendi
1075 2983 1127 3050 uel
1143 2981 1221 3048 obli·
