3038 4884
545 437 757 501 ..56-

178 723 293 803 Quibus
315 723 416 792 modis
438 725 488 790 ius
511 725 676 805 potestatis
700 725 890 792 dissoluitur.
936 726 1060 792 Titulus
1085 715 1134 790 12‘.

182 876 377 959 Propositum
410 882 460 944 est
491 879 580 944 uobis
613 877 645 942 iu
673 878 887 962 superioribus
914 880 1040 960 quinam
1068 881 1100 945 iu
1128 885 1212 962 pote·

112 999 180 1060 state
199 1001 305 1062 nostra
328 997 400 1077 sint,
421 997 504 1063 idest
526 999 609 1063 serui
639 1002 671 1063 et
697 997 787 1064 liberi
816 999 933 1077 nostri,
964 999 1032 1064 siue
1052 1000 1213 1065 naturales

111 1112 166 1179 siue
184 1114 332 1196 adoptiui.
355 1116 394 1182 de
416 1115 600 1183 differentiis
623 1134 748 1203 quoque
770 1122 865 1200 atque
886 1116 1101 1184 adfinitatibus
1123 1117 1212 1184 adro·

110 1233 227 1314 gationis
249 1241 282 1300 et
304 1235 481 1318 adoptionis
502 1237 719 1317 tractauimus,
743 1244 817 1303 sunt
831 1237 913 1303 euim
930 1236 1124 1303 differentiae
1146 1237 1213 1319 qui·

111 1353 167 1418 dem
187 1351 239 1434 VI,
262 1353 442 1422 adfinitates
470 1359 575 1420 autem
598 1353 667 1420 VII.
718 1362 818 1422 restat
845 1362 881 1421 ut
908 1357 1071 1452 uideamus
1099 1357 1213 1438 quibus
1246 1358 1263 1409 ὅ

109 1472 192 1538 modis
212 1475 261 1540 ius
287 1475 454 1556 potestatis
483 1474 636 1541 soluatur.
681 1493 752 1540 uam
783 1476 867 1558 quod
898 1477 997 1542 modis
1025 1475 1212 1558 quibusdam

109 1592 249 1672 consistit,
271 1593 356 1658 idem
386 1593 574 1674 quibusdam
601 1593 672 1662 aliis
702 1595 803 1660 modis
835 1594 1026 1661 dissoluitur.
1073 1601 1212 1678 potestas

108 1714 206 1792 autem,
226 1729 320 1792 quam
344 1713 374 1777 in
398 1731 507 1778 seruos
528 1712 697 1793 habemus,
718 1732 775 1796 per
801 1714 1076 1780 manumissionem
1104 1711 1213 1779 dissol-

107 1828 186 1894 uitur.
233 1833 435 1900 manumissio
468 1838 572 1899 autem
605 1841 682 1917 quot
722 1834 822 1900 modis
859 1832 915 1900 fist
946 1836 1092 1916 superius
1120 1850 1212 1915 expo-

107 1947 225 2033 suimus,
254 1952 372 2018 domini
401 1953 483 2019 enim
510 1971 594 2018 mors
615 1971 677 2019 ηοη
698 1951 915 2019 liberationem
937 1972 956 2018 a
978 1953 1141 2033 seruitute,
1163 1959 1212 2019 set
1231 1971 1263 2022 10

107 2067 218 2136 dominii
238 2072 476 2138 translationem
498 2079 656 2156 operatur.
702 2078 842 2154 potestas
864 2079 984 2154 autem,
1006 2092 1100 2155 quam
1122 2075 1153 2138 iu
1175 2071 1210 2138 li·

106 2187 183 2254 beros
203 2191 365 2270 habemus,
386 2190 529 2273 pluribus
551 2191 688 2258 soluitur
709 2193 818 2258 modis.
861 2198 894 2258 et
915 2193 947 2258 in
969 2192 1079 2276 primis
1101 2212 1212 2276 paren-

107 2306 139 2372 tis
158 2327 237 2375 mors
258 2311 375 2376 liberos
398 2312 447 2375 sui
470 2310 548 2376 iuris
570 2309 673 2378 efficit.
710 2330 807 2377 nosse
830 2315 934 2377 autom
956 2317 1079 2392 oportet
1100 2332 1211 2394 pareu-

106 2431 145 2492 tes
163 2447 265 2496 omues
288 2431 343 2512 qui
365 2447 461 2513 supra
482 2448 539 2496 uos
561 2437 635 2497 sunt
657 2429 774 2510 uocari,
796 2431 886 2496 liberi
908 2435 1013 2497 autem
1033 2433 1211 2518 omnesqui

105 2543 173 2612 infra
192 2567 247 2615 nos
270 2555 355 2614 sunt.
389 2549 474 2630 quod
496 2555 601 2615 autem
625 2549 757 2614 diximus
780 2555 911 2615 mortem
933 2549 1073 2631 parentis
1094 2549 1210 2617 liberos
1230 2565 1261 2618 15

105 2666 144 2729 sui
162 2667 235 2732 iuris
258 2665 384 2735 efficere
407 2685 476 2733 oum
500 2668 634 2748 quadam
657 2666 857 2733 distinctione
886 2668 1128 2751 intellegendum
1151 2677 1208 2762 est,

105 2802 164 2849 uam
188 2787 214 2852 si
241 2794 334 2870 pater
363 2788 547 2865 decesserit,
582 2805 658 2853 saue
686 2787 863 2854 omnimodo
893 2787 975 2854 filius
1004 2789 1130 2874 filiaque
1160 2788 1209 2857 sui

105 2903 169 2972 ioris
189 2908 383 2990 efficiuntur,
406 2908 435 2974 si
456 2928 531 2976 uero
554 2927 633 2974 auus
656 2915 799 2976 mortuus
814 2911 864 2989 sit,
887 2930 949 2977 uon
965 2911 1141 2977 omnimodo
1157 2929 1210 2975 ue·

105 3029 179 3103 potes
199 3034 372 3110 neptesque
394 3028 443 3093 sui
465 3028 542 3094 iuris
564 3027 654 3094 fiunt.
677 3034 802 3111 oportet
823 3029 905 3094 enim
927 3031 980 3096 aui
1002 3032 1111 3095 mortis
1132 3035 1209 3095 tem·

105 3159 153 3221 pus
172 3143 341 3227 inquirere,
369 3154 401 3212 et
423 3148 596 3227 siquidem
619 3153 694 3213 tuno
716 3149 817 3214 media
837 3167 985 3230 persona,
1016 3149 1100 3215 idest
1126 3147 1207 3213 filins
1225 3151 1260 3204 20

106 3266 204 3330 mortui
225 3266 419 3343 inueniatur,
447 3272 576 3347 nepotes
602 3267 661 3356 ,qui
688 3266 809 3347 pridem
838 3267 871 3331 in
898 3268 951 3332 aui
981 3266 1098 3332 fuerint
1123 3272 1208 3348 pote

107 3386 189 3462 state,
217 3384 280 3449 iuri
308 3386 406 3466 patris
435 3387 501 3465 sui,
537 3403 598 3451 auo
624 3393 765 3465 mortuo,
795 3386 927 3452 subiecti
955 3390 1047 3452 eruut
1075 3386 1108 3450 iu
1141 3385 1208 3450 eius

106 3505 227 3569 recasuri
254 3510 454 3585 potestatem.
503 3506 530 3570 si
562 3525 638 3572 uero
660 3506 762 3572 media
791 3502 926 3586 persona
960 3511 1017 3570 aut
1044 3506 1106 3571 iam
1128 3523 1209 3570 mor·

107 3623 151 3684 toa
168 3621 268 3704 fuerit,
291 3631 348 3690 aut
362 3626 401 3692 de
416 3631 573 3707 potestate
595 3623 695 3707 patris
710 3624 830 3702 exierit,
854 3631 929 3690 tune
944 3631 1074 3705 nepotes
1088 3623 1120 3688 in
1136 3623 1207 3690 alie·

78 3754 93 3807 r.
106 3755 165 3804 uam
185 3751 369 3825 potestatem
392 3763 454 3810 ηοη
483 3745 640 3824 recident,
668 3749 717 3811 set
744 3743 794 3810 sui
823 3746 900 3809 ium‘s
929 3742 1013 3810 fient.
1060 3747 1087 3808 1.
1117 3744 1207 3809 Poto·
1223 3762 1258 3813 25

107 3863 203 3927 statem
224 3870 328 3929 autem
350 3866 381 3930 in
404 3863 485 3930 filios
509 3865 683 3946 deportatio
706 3880 830 3946 quoque
855 3862 955 3945 patris
985 3863 1089 3928 soluit.
1134 3882 1205 3929 nam
