3038 4884
690 357 814 448 „¹60
858 392 898 402 -

241 541 291 604 διὰ
312 539 367 604 τοῦ
390 540 486 606 αὐτοῦ
510 542 603 606 οὐδοῦ
626 538 825 628 ὑποστρέφει,
850 542 894 606 δι’
925 541 961 606 οῦ
985 544 1033 606 καὶ
1062 543 1202 606 ἀπώλετο
1224 535 1358 628 ληφθεὶς

241 642 299 706 ῦπδ
323 647 383 705 τιῦν
407 645 567 729 πολεμίων.
606 647 642 709 ου’
663 645 759 732 μόνον
782 646 818 710 δέ
840 646 890 728 ⁶¹)
914 644 1074 729 διαφυγὼν
1098 644 1169 720 τοὺς
1191 642 1358 718 πολεμίους

239 743 259 831 ἠ
282 743 338 808 ὑπ’
362 744 462 808 ιιῦτιῦν
486 745 617 831 ἀφεθεὶς
640 745 702 835 ἔχει
725 749 758 809 τὸ
782 744 1006 828 postlimioi0o‚
1030 745 1107 808 ἀλλὰ
1130 746 1190 832 γὰρ
1204 746 1254 808 καί
1276 744 1293 806 δ
1318 767 1358 806 νι·
1506 807 1511 830 .=

239 845 396 932 κηθέντων
419 853 480 910 τιῦν
503 849 656 935 πολεμίων
679 849 738 934 ῦφ’
762 851 849 935 ἠμιῦν
873 845 1075 934 ἀναληφθείς.
1113 849 1143 911 6.
1177 846 1298 910 Διαλύει
1323 847 1356 909 τδ
1375 838 1404 889 ⁶·

206 948 272 1018 oin
294 954 451 1031 potestate
475 953 523 1014 καὶ
549 953 569 1039 ἠ
596 952 883 1035 emancipation.⁸)
930 953 979 1015 καὶ
1007 951 1037 1014 τί
1064 951 1146 1015 ἐστιν
1176 949 1356 1032 emancipe·
1506 961 1511 968 ·

239 1051 329 1127 ticam
361 1056 473 1136 πρᾶξις
495 1060 587 1138 τριῶν
614 1054 898 1136 emancipationes
927 1056 975 1117 καὶ
1001 1058 1095 1138 τριῶν
1126 1051 1356 1139 ἐλευθεριιῦνή

236 1160 309 1239 μιᾶς
332 1157 600 1240 emancipationes
627 1160 674 1224 καὶ
699 1165 771 1242 μιᾶς
799 1157 980 1242 ἐλευθερίας
1010 1157 1191 1241 περιεκτική.
1241 1155 1357 1237 ἐγίνετο

240 1259 275 1322 δέ
295 1262 332 1323 τὸ
359 1263 485 1324 παλαιὸν
507 1264 527 1350 ἠ
550 1262 790 1347 οιααυυίραίίιαα
812 1261 922 1335 οὕτως.
950 1260 1040 1324 πέντε
1055 1259 1255 1343 παρεγίνοντο
1276 1259 1358 1342 ράρ-

238 1384 333 1448 τυρες
353 1365 402 1426 καί
424 1365 643 1452 ζυγοστάτήςέ)
666 1364 925 1450 ἐπιφερόμενσςθ)
943 1364 1033 1445 ζυγὸν
1055 1364 1103 1425 καὶ
1117 1364 1248 1449 χαλκοῦν
1266 1364 1358 1444 νοῦρ-

190 1465 297 1549 1ορον
320 1469 368 1528 καὶ
386 1466 488 1550 μέσος
510 1489 561 1542 τις.
607 1467 671 1532 είτα
696 1467 858 1550 παρόντων
888 1465 989 1529 υῦτιῦν
1017 1465 1034 1528 δ
1059 1463 1156 1548 μέσος
1185 1462 1356 1551 ἠγόραζεί)

240 1569 291 1630 τδν
315 1567 409 1632 παῖδα
432 1571 517 1652 παρὰ
538 1573 592 1633 τοῦ
618 1571 733 1655 πατρὸς
757 1569 863 1644 διδοὺς
885 1567 972 1653 αὐτῷ
990 1567 1073 1650 λόγῳ
1088 1551 1259 1654 τιρήρατυξ
1281 1565 1360 1628 ελκο-

240 1673 320 1732 νικοῦ
343 1673 395 1734 τδν
418 1672 472 1736 ἕνα
496 1676 645 1756 νοῦρρον·
671 1674 721 1735 καί
752 1670 853 1748 οὕτως
883 1669 1066 1744 ῦπεξοῦσιος
1094 1668 1211 1750 ἐγίνετο
1240 1669 1256 1731 δ
1288 1672 1361 1743 παῖς

148 1782 150 1786 ’
239 1775 292 1836 τοῦ
312 1772 410 1856 μέσου
433 1777 478 1849 ὡς
500 1773 531 1836 ἐν
554 1775 640 1846 τάξει
661 1773 783 1842 δούλου.
828 1774 845 1834 ὁ
873 1773 969 1858 ρέσος
990 1771 1164 1861 ἠλευθέρου
1188 1775 1239 1835 τὸν
1263 1770 1360 1834 παῖδα

239 1872 383 1960 uindiatp
405 1875 542 1951 κάκεῖνος
564 1877 714 1960 σιωπηρῷ
737 1899 790 1938 τινι
817 1875 900 1959 λόγῳ
923 1874 1088 1962 ἀνέτρεχεν
1111 1875 1155 1947 εἷς
1177 1876 1210 1938 τὸ
1233 1877 1286 1937 τοῦ
1302 1897 1361 1936 πα·

190 1973 314 2063 1θτρδς
335 1975 367 2040 in
394 1982 564 2058 potestate.
617 1977 806 2056 ἐπίπρασκεν
837 1977 928 2040 αῦτδν
959 1978 992 2040 τὸ
1022 1976 1171 2058 δεύτερον
1200 1976 1276 2040 κατὰ
1304 1977 1360 2038 τδν

239 2079 468 2167 αὐτὸντρόπον
492 2082 540 2143 καί
562 2082 579 2142 δ
602 2080 710 2162 λαβών
733 2078 908 2167 ἠλευθέρου
930 2078 1023 2143 αῦτδν
1052 2078 1195 2164 uindiotp
1224 2080 1272 2141 καὶ
1301 2079 1361 2141 πά-

239 2184 282 2246 λιν
306 2184 436 2271 ἀρρήτῳ
466 2184 548 2268 λάγῳ
578 2184 753 2269 ῦπέτρεφεν
786 2183 830 2259 εἷς
860 2183 912 2269 τήν
939 2185 993 2245 τοῦ
1026 2185 1143 2267 πατρὸς
1177 2181 1361 2254 ῦπεξανσιό-

237 2309 326 2372 τητα.
371 2285 557 2369 ἐπίπρασκεν
581 2287 706 2367 αῦτδνί)
728 2289 764 2350 τδ
788 2285 887 2370 τρίτον
918 2286 966 2348 καὶ
996 2283 1245 2362 σῦτιυδιελῦετσ
1267 2285 1302 2347 τῦ
1324 2281 1360 2347 in

240 2393 409 2470 potestate.
454 2388 664 2478 ἠλευθεροῦτο
692 2389 728 2451 δέ
751 2386 894 2474 uindicta
923 2388 971 2450 καὶ
993 2385 1107 2469 ἐγίνετο
1138 2385 1360 2462 αῦτεξυῦσιος·

191 2499 226 2550 20
242 2492 321 2564 ὥςτε
343 2490 398 2556 οὖν
421 2492 578 2556 διαλύουσι
601 2493 634 2555 τὸ
656 2490 689 2553 in
717 2494 877 2572 potestate
904 2492 989 2574 τρεῖς
1019 2488 1287 2572 emancipationes
1310 2491 1361 2552 καὶ

241 2599 325 2677 τρεῖς
345 2592 532 2677 ἐλευθερίαι.
577 2591 818 2675 emancipatiwn
841 2592 877 2654 δέ
898 2590 1059 2677 λέγεταιὴ
1090 2595 1203 2675 πρᾶσις
1229 2593 1250 2678 ἠ
1272 2614 1361 2672 γενο-

240 2697 318 2784 μένη
342 2702 386 2782 τῷ
407 2698 561 2784 εἰρημένῳ
585 2695 700 2780 τρόπῳ.
746 2695 946 2769 αὐτεξούσιον
975 2695 1011 2758 δέ
1042 2696 1092 2756 τὸν
1123 2695 1218 2758 παῖδα
1241 2697 1361 2758 ποιοῦσι

240 2787 554 2882 {emancipationes
580 2800 629 2862 καί
652 2786 921 2884 γ-ἐλευθερίαι.6)
971 2797 1021 2860 διὰ
1047 2799 1138 2859 τοῦτο
1169 2797 1205 2859 δέ
1231 2796 1359 2878 ἐπιπρά-

242 2925 332 2965 σκετο
354 2903 371 2963 δ
395 2905 474 2977 ταῖς,
497 2901 545 2965 ἵνα
568 2901 645 2986 δόξῃ
668 2897 937 2982 καταβιβάζεσθαι
959 2899 1003 2972 εἷς
1025 2898 1168 2962 δουλείαν
1191 2898 1239 2961 καὶ
1267 2919 1361 2984 προς-

189 3013 224 3066 25
241 3003 352 3089 φάρσος
374 3003 495 3090 ἐνταχθῇ
516 3002 602 3087 αὐτῷ
623 3004 642 3088 ἡ
665 3000 840 3087 ἐλευθερία.
884 3002 983 3081 δγδιρ
1013 2999 1181 3087 ἐλεύθερος
1212 3000 1268 3063 οῦκ
1287 3001 1362 3088 ἠδύ-

241 3129 315 3169 νατο
337 3105 593 3188 ἐλευθεροῦσθαι.
620 3107 640 3192 ἡ
661 3104 767 3187 ρέντοι
790 3103 930 3190 θυγάτηρ
953 3105 1004 3166 καὶ
1026 3101 1152 3184 ἔκγονος
1175 3102 1224 3192 ἠῗ)
1248 3103 1358 3188 ἐκγάνή

242 3210 287 3270 καί
317 3209 355 3271 τὰ
382 3207 472 3270 λοιπὰ
500 3207 654 3291 πρόσωπα
689 3206 740 3269 διὰ
765 3212 839 3291 μιᾶς
871 3205 1144 3290 emancipationes
1177 3207 1254 3289 καθ)
1284 3209 1360 3289 μιᾶς

240 3308 423 3391 ἐλευθερίας
445 3308 580 3393 ἐγίνοντο
603 3307 801 3381 αὐτεξούσιοι.
847 3307 1017 3389 ἐπράττετο
1041 3307 1077 3371 δέ
1101 3311 1196 3372 ταῦτα
1219 3310 1266 3370 καί
1287 3306 1358 3394 δίχα

240 3413 398 3498 βασιλικῆς
420 3412 622 3499 ἀντιγραφῆς.
666 3412 743 3475 ἀλλὰ
765 3414 861 3474 ταῦτα
881 3411 940 3496 μὲν
968 3413 1003 3474 τδ
1033 3411 1169 3476 παλαιάν.
1217 3411 1298 3495 μετὰ
1320 3409 1358 3474 δέ

189 3516 224 3569 30
241 3511 338 3577 ταῦτα
360 3513 468 3596 γέγονε
491 3514 627 3588 διάταξις
648 3511 703 3577 τοῦ
726 3513 960 3595 εὐσεβεστάτου
987 3515 1077 3599 ἡμῶν
1097 3512 1267 3595 βασιλέως,
1291 3515 1359 3600 ἥτις

241 3615 290 3679 ἐπὶ
312 3617 345 3678 τδ
366 3615 489 3698 βέλτιον
511 3615 609 3703 ἤγαγε
635 3614 745 3694 ταῦτα,
775 3615 854 3690 ὥςτε
886 3615 939 3679 τοῦ
970 3613 1102 3680 παλαιοῦ
1131 3617 1288 3703 σχήματος
1309 3618 1358 3679 καὶ

309 3873 331 3938 1)
350 3870 375 3923 d.
393 3870 440 3924 Fe
542 3870 565 3936 ²)
583 3870 716 3922 -στάται
733 3871 762 3924 Ρ.
848 3871 871 3936 3)
890 3887 1002 3934 -μενυι
1018 3871 1048 3925 Ρ.
1117 3872 1140 3940 ⁴)
1159 3889 1245 3922 -ασε
1263 3871 1304 3924 vi.
1322 3870 1356 3926 R.

240 3959 264 4018 ⁵)
281 3959 320 4024 τῷ
338 3956 422 4024 πατρὶ
444 3954 505 4009 add.
529 3954 569 4009 ed.
593 3960 656 4009 anto
678 3956 705 4009 J.
813 3957 836 4020 6)
854 3956 921 4010 haee
938 3963 1033 4025 utpote
1051 3956 1242 4026 glossemate.
1261 3955 1303 4009 vi.
1322 3955 1354 4010 R.

241 4040 435 4108 ⁷)1azvi.R.
537 4041 560 4107 8)
578 4041 601 4095 δ.
618 4058 645 4103 μ.
664 4041 685 4093 ἐ.
703 4041 746 4093 καί
764 4041 790 4095 ἀ.
807 4041 838 4094 F.
857 4055 914 4095 cum
934 4041 965 4094 G.

311 4145 337 4211 a)
356 4143 393 4198 cf.
414 4143 471 4197 Gai.
492 4148 514 4206 l,
536 4147 591 4199 119.
612 4147 667 4199 132.
