3038 4884
592 387 806 456 '226-

132 577 227 644 modo
250 575 302 643 sui
324 577 458 659 quisque
480 576 659 661 patrimonii
682 577 820 645 inferret
864 579 896 644 in
919 578 978 645 lroc
1000 577 1096 663 igitur
1116 597 1212 647 censu
1233 579 1262 645 si

132 714 249 762 seruus
271 696 363 762 iussu
384 695 502 764 domiui
524 703 623 766 semet
644 697 778 766 liberum
799 695 986 780 scripsisset,
1008 715 1028 764 a
1049 696 1204 766 seruitute
1224 697 1261 764 ll·

139 814 322 881 berabatur.
372 821 560 882 testamento
588 823 711 891 antem,
743 834 814 882 cum
848 817 918 898 quis
953 835 1081 883 seruum
1107 835 1199 884 suum
1227 818 1260 884 in

136 938 328 1000 testamento
361 934 521 1002 liberaret.
576 935 736 1012 naturales
765 940 871 1002 sutem
903 935 1145 1002 manumittendi
1177 936 1260 1003 modi

136 1059 204 1120 tres
227 1059 329 1133 erant,
351 1053 436 1119 inter
460 1054 578 1120 amicos
605 1073 663 1137 per
690 1070 830 1122 mensam
856 1072 913 1136 per
941 1054 1118 1136 epistulam.
1161 1062 1194 1122 et
1214 1053 1260 1120 in·
1293 1061 1311 1112 ⁶

133 1179 184 1237 ter
206 1173 327 1238 amicos
348 1172 483 1255 quidem,
507 1190 587 1252 com,
604 1173 711 1240 amicis
730 1173 959 1257 praesentibus,
981 1173 1138 1254 quendam
1153 1192 1261 1242 manu·

136 1292 307 1357 mitterem.
341 1296 569 1372 permensum,
593 1308 663 1358 cum
685 1291 842 1358 libertatis
865 1291 987 1357 dandae
1008 1293 1111 1374 gratia
1132 1309 1260 1358 seruum

134 1427 257 1485 mecum
287 1411 319 1474 in
353 1408 499 1476 conuiuio
532 1410 643 1478 adesse
677 1410 827 1478 iuberem.
882 1430 938 1493 per
971 1408 1154 1494 epistulam,
1189 1427 1259 1477 cum

134 1547 231 1595 seruo
254 1529 331 1594 alibi
353 1536 509 1595 terrarum
531 1529 661 1612 degenti
681 1550 740 1614 per
766 1529 934 1614 epistulam
962 1531 993 1595 in
1020 1529 1166 1596 libertate
1195 1547 1260 1596 mo·

134 1651 199 1714 rari
222 1651 435 1716 concederem.
484 1667 553 1717 cum
580 1649 657 1716 haec
686 1650 745 1717 tibi
774 1656 939 1734 perspecta
965 1651 1044 1731 sint,
1078 1649 1151 1720 uide
1184 1649 1259 1732 quid
1279 1669 1312 1721 1o

133 1769 208 1834 inde
236 1772 397 1847 sequatur.
447 1786 518 1833 cum
544 1768 607 1834 tria
633 1769 712 1835 lraec
740 1768 771 1834 in
805 1768 987 1834 manumissi
1015 1769 1099 1834 serui
1126 1785 1260 1850 persona

133 1893 374 1965 concurrerent,
404 1893 440 1951 ut
462 1887 562 1952 maior
584 1891 668 1953 esset
690 1887 781 1952 annis
801 1885 905 1963 XXX,
928 1892 961 1952 et
981 1887 1013 1952 in
1041 1887 1179 1969 legitima
1206 1886 1260 1953 do·

134 2006 210 2070 mini
246 2007 458 2087 proprietate,
493 2007 514 2070 i.
537 2026 564 2072 a.
597 2025 634 2072 ex
668 2005 736 2072 iure
771 2005 955 2086 Qniritium,
985 2005 1260 2073 manumitteretur

134 2130 241 2190 autem
266 2123 403 2192 uindicta
425 2132 481 2190 aut
502 2143 598 2192 censu
621 2133 677 2192 aut
699 2131 897 2205 testamento,
920 2144 1000 2192 neue
1026 2124 1059 2190 in
1089 2123 1153 2190 ulla
1176 2129 1259 2190 esset

134 2243 343 2326 turpitudine,
365 2243 490 2310 omnino
513 2261 624 2310 seruus
647 2244 725 2310 ciuis
747 2261 895 2310 romanus
916 2242 1021 2311 fiebat.
1066 2242 1116 2309 sin
1142 2247 1310 2323 autem,1⁵

133 2363 166 2428 in
188 2363 276 2434 nulla
298 2363 493 2446 turpitudine
515 2383 552 2429 eo
580 2371 741 2441 uersante,
771 2365 832 2429 tria
857 2363 911 2430 illa
937 2382 999 2430 non
1027 2370 1257 2442 concurrerent,

133 2488 204 2548 erat
226 2482 309 2549 enim
331 2499 443 2550 seruus
465 2483 566 2548 minor
587 2483 678 2550 annis
699 2483 797 2561 XXX,
820 2489 876 2554 aut
897 2482 930 2549 in
951 2483 1041 2549 bonis
1061 2488 1183 2551 tanturn
1206 2482 1260 2550 do·

134 2599 228 2680 mini,
263 2607 318 2664 aut
346 2620 403 2682 per
431 2619 569 2668 mensam
596 2601 648 2668 uel
674 2621 732 2685 per
758 2601 923 2684 epistulam
956 2602 1008 2667 uel
1033 2601 1115 2667 inter
1143 2600 1260 2668 amicos

134 2721 339 2786 manumissio
361 2719 473 2800 fiebut3
496 2720 546 2786 nel
569 2720 631 2786 duo
654 2719 736 2786 iorte
763 2718 816 2786 uel
842 2719 938 2785 etiam
965 2720 1027 2786 tria
1057 2718 1136 2784 iuris
1159 2718 1261 2800 requi·

135 2841 198 2904 sita
228 2839 497 2919 desiderarentur,
524 2837 736 2906 manumissus
766 2837 883 2904 latinus
909 2839 1055 2905 iunianus
1081 2836 1187 2904 debat.
1232 2839 1259 2905 si
1276 2859 1312 2912 20

135 2977 212 3025 uero
233 2956 267 3023 in
290 2956 487 3040 turpitudine
510 2959 647 3039 quadam
670 2975 784 3024 seruus
798 2962 994 3037 uersaretur,
1018 2957 1184 3024 dediticius
1206 2955 1260 3024 de·

134 3080 200 3146 bat.
244 3086 294 3149 set
319 3078 397 3144 haec
425 3079 583 3162 quondam
610 3078 809 3160 optinebant;
840 3078 935 3148 hodie
962 3082 1068 3145 autem
1096 3095 1167 3144 cum
1197 3096 1261 3143 une

134 3201 176 3264 sit
199 3197 354 3266 libertatis
375 3199 509 3280 species,
537 3200 584 3264 uti
607 3197 726 3264 dictum
749 3204 814 3277 est,
845 3199 1055 3267 manumissus
1083 3196 1259 3264 omnimodo

133 3318 213 3384 cinis
236 3337 384 3387 romanus
406 3317 451 3397 fit,
473 3317 558 3383 nullo
574 3316 753 3384 discrimine
771 3316 879 3384 habito
902 3318 933 3384 in
950 3315 1086 3382 dominio
1102 3317 1152 3382 ucl
1167 3315 1259 3381 modo

132 3437 387 3504 manumissionis
409 3438 461 3504 nel
482 3442 597 3504 aetate.
1276 3445 1310 3497 uo
