3096 4890
613 477 651 491 ·-·
697 463 757 506 1111
803 481 843 492 ··

163 622 259 690 aliter
280 625 425 707 explicari
448 636 588 708 possunt,
612 649 704 711 quam
728 631 754 695 si
778 638 953 698 statuamus
976 654 1014 700 ex
1042 635 1150 701 eadem
1181 638 1287 704 schola

163 748 334 826 utrumque
356 744 469 810 librum
494 765 647 813 manasse.
904 750 907 758 '

251 863 391 946 Uterque
413 864 492 931 liber
514 867 552 931 de
574 865 746 935 inofficioso
768 877 955 937 testamento
985 881 1124 941 tractans
1147 877 1186 942 de
1210 878 1287 944 inia-

161 984 267 1049 mibus
290 985 431 1064 personis
453 987 591 1068 loquitur
613 989 672 1054 hoe
695 993 799 1056 modo:

160 1155 220 1220 Th.
249 1155 283 1235 2,
309 1155 364 1232 18,
396 1159 408 1218 l
442 1155 574 1244 αἷαίρὸν
602 1156 670 1223 ἐπέ-

201 1281 292 1344 χουσι
321 1305 327 1318 .
353 1306 360 1320 .
393 1259 577 1344 πρόσωπον,
607 1260 672 1322 οἷον

204 1361 358 1448 ἡνίοχοι
377 1359 465 1444 μίμαι
481 1365 605 1446 κυνηγοὶ
624 1363 674 1426 καὶ

204 1462 234 1524 οἱ
255 1459 315 1524 ἀπὸ
339 1462 468 1549 αἰσχρᾶς
480 1461 599 1547 μίξεως
622 1463 674 1546 ἐγ·
769 1511 777 1530 .

204 1563 367 1646 νωσμένοι.
881 1549 901 1598 Ὺ

687 1162 961 1311 insinuans.
1075 1178 1333 1336 [lai-*3³1
1442 1319 1446 1327 ,

248 1807 336 1870 Adde
358 1806 495 1884 Theoph.
520 1806 549 1883 3,
574 1806 623 1878 12,
647 1808 662 1868 1
688 1830 729 1860 =
754 1805 853 1872 Loud.
880 1805 900 1888 ἓ
922 1804 964 1869 48
975 1805 1004 1869 b.
1051 1804 1105 1870 ubi
1128 1803 1167 1869 de
1190 1803 1221 1870 S.
1246 1803 1280 1869 C.

156 1922 332 1990 Claudiano
355 1942 457 1988 sermo
481 1931 544 1988 est:
567 1931 700 2008 uterque
723 1926 761 1989 de
784 1923 1003 2009 παραγγελίαις
1023 1924 1164 2004 loquitur

167 2050 404 2188 (mlxxiv,
417 2068 512 2196 ω),
551 2089 683 2160 uterque
718 2079 812 2160 (udde
844 2077 950 2144 Thai.
989 2080 1084 2144 schol.
1120 2074 1280 2142 Bas.1111

157 2233 223 2296 770
251 2234 305 2316 qui
333 2255 371 2300 ex
400 2236 508 2301 eadem
536 2235 622 2301 fonte
651 2235 793 2300 hausisse
819 2234 958 2316 uidetur)
988 2236 1117 2299 eandem
1155 2231 1277 2297 dicendi

156 2353 287 2419 formam
312 2362 460 2436 usurpat:
483 2354 511 2418 el
531 2355 592 2438 γὰρ
616 2402 622 2418 .
647 2402 654 2417 .
679 2352 802 2440 {pauely}
825 2401 833 2417 .
857 2401 864 2417 .
889 2377 929 2407 =

167 2497 306 2590 ·Μῦ
325 2509 356 2572 Ἰ·
371 2525 461 2605 sor
482 2487 543 2596 vl
575 2493 601 2606 'l

244 2641 277 2708 Si
300 2662 376 2725 ergo
398 2645 562 2723 probatum
585 2644 682 2710 inerit
707 2641 743 2706 τὸ
772 2643 849 2706 κατὰ
876 2641 977 2719 πόδας
1002 2641 1080 2714 Gai,
1106 2640 1190 2722 quod
1221 2639 1278 2704 Pa·

156 2763 299 2844 raphrasi
329 2772 454 2829 nostrae
483 2782 539 2844 pro
568 2763 770 2830 fundamento
791 2763 895 2841 inerit,
919 2781 956 2827 ex
978 2761 1149 2826 berutieusi
1171 2757 1278 2824 sohola

156 2882 309 2965 originem
339 2884 452 2949 ducere
485 2883 596 2966 idque,
633 2902 703 2948 oum
730 2881 924 2948 lastinianus
954 2881 1170 2948 institutiones
1204 2897 1277 2944 suas

156 3003 394 3083 promulgasset,
417 3002 457 3066 ad
480 3020 596 3068 nouum
618 3001 749 3068 latinum
772 3009 909 3076 textum,
932 3008 969 3066 ut
995 3000 1105 3067 melius
1133 2999 1201 3066 fieri
1224 3019 1277 3081 po-

156 3119 226 3198 tuit,
250 3119 518 3186 adcommodatum
542 3139 624 3200 esse,
647 3139 698 3186 res
721 3121 790 3200 erit,
820 3140 900 3203 quae
929 3121 1108 3186 nullomodo
1136 3119 1276 3200 exemplo

156 3245 270 3305 eareat.
300 3242 457 3320 quinimo
486 3242 659 3322 exemplum
690 3241 829 3306 eiusdem
858 3241 972 3306 aetetis
1006 3248 1166 3315 tenemus,
1192 3241 1275 3319 quod

225 3479 248 3545 ¹)
264 3478 304 3532 Of.
323 3479 471 3533 locutiones
488 3478 649 3546 complures,
668 3493 738 3546 quae
756 3476 867 3531 eandem
885 3476 1013 3544 originem
1027 3474 1148 3530 redolere
1165 3475 1276 3531 uidean-

154 3602 206 3650 tur.
264 3581 516 3683 la-aeilutneett
533 3604 581 3662 ltro
599 3571 715 3676 υἷα,
733 3596 824 3664 posuit
853 3595 1042 3650 Saohaoius
1066 3597 1274 3664 Syrisoh·romi·

153 3716 231 3771 sehes
258 3715 444 3778 Rechtsbuoh‚
472 3731 498 3783 p.
520 3719 562 3784 18)
596 3732 634 3784 gr.
668 3716 768 3782 μέμψις
801 3724 864 3783 apte
891 3714 1049 3784 respondet:
1076 3720 1191 3784 utraque
1219 3731 1275 3770 uox

153 3803 187 3857 de
205 3802 326 3870 querella
343 3801 503 3870 [inofficiosi]
523 3809 681 3870 usurpatur:
702 3802 734 3855 de
752 3803 875 3871 pretio
899 3802 957 3856 eius
975 3803 1020 3871 qui
1039 3817 1096 3856 sese
1117 3801 1274 3856 uenumdari

152 3901 248 3954 passus
271 3893 312 3940 ost
334 3887 407 3954 apud
429 3893 572 3955 utrumque
597 3887 661 3955 τιμὴ
685 3886 840 3940 adhibetur:
864 3903 918 3941 uox
942 3888 1100 3956 προθεσμία
1124 3888 1220 3957 [§125
1239 3909 1273 3934 =

153 3971 203 4026 Th.
221 3976 248 4039 3,
270 3976 309 4036 19,
332 3974 402 4040 lto]
443 3978 575 4040 tempus
598 3974 822 4027 constitutum
846 3974 918 4041 apud
940 3980 1083 4042 utromque
1103 3972 1186 4026 audit.
1221 3972 1273 4025 Ao·

153 4056 237 4126 cedit,
260 4056 288 4110 id
312 4057 460 4126 quodiam
484 4059 649 4113 Bruusius
672 4060 901 4114 animaduerterat
923 4059 1082 4128 (Syn-mm.
1100 4056 1273 4112 Reehtsbuoh

153 4156 179 4208 p.
196 4142 258 4208 321)
276 4141 408 4208 quaedam
425 4143 464 4195 rei
481 4142 655 4210 exponendae
673 4142 834 4207 similitudo,
859 4143 893 4198 de
911 4159 966 4213 qua
983 4143 1051 4222 alibi
1065 4142 1178 4198 fumasse
1196 4142 1272 4197 nobis

152 4225 312 4282 monendum
331 4226 388 4280 erit.
