<?xml version="1.0" encoding="UTF-8"?>
<!DOCTYPE html PUBLIC "-//W3C//DTD XHTML 1.0 Transitional//EN"
    "http://www.w3.org/TR/xhtml1/DTD/xhtml1-transitional.dtd">
<html xmlns="http://www.w3.org/1999/xhtml" xml:lang="en" lang="en">
 <head>
  <title>
</title>
<meta http-equiv="Content-Type" content="text/html;charset=utf-8" />
  <meta name='ocr-system' content='tesseract 3.04.00' />
  <meta name='ocr-capabilities' content='ocr_page ocr_carea ocr_par ocr_line ocrx_word'/>
</head>
<body>
  <div class='ocr_page' id='page_1' title='image "./institutionumgr00linggoog_0107.png"; bbox 0 0 3038 4884; ppageno 0'>
   <div class='ocr_carea' id='block_1_1' title="bbox 583 429 795 510">
    <p class='ocr_par' dir='ltr' id='par_1_1' title="bbox 583 429 795 510">
     <span class='ocr_line' id='line_1_1' title="bbox 583 429 795 510; baseline -0.009 -16"><span class='ocrx_word' id='word_1_1' title='bbox 583 429 795 510; x_wconf 54' lang='lat' dir='ltr'><strong>-ar-‚</strong></span> 
     </span>
    </p>
   </div>
   <div class='ocr_carea' id='block_1_2' title="bbox 53 614 1340 3805">
    <p class='ocr_par' dir='ltr' id='par_1_2' title="bbox 53 614 1340 3805">
     <span class='ocr_line' id='line_1_2' title="bbox 125 614 1250 702; baseline -0.002 -21"><span class='ocrx_word' id='word_1_2' title='bbox 125 617 255 696; x_wconf 80' lang='lat' dir='ltr'><strong>nibus«,</strong></span> <span class='ocrx_word' id='word_1_3' title='bbox 276 635 316 682; x_wconf 90' lang='lat' dir='ltr'><strong>ne</strong></span> <span class='ocrx_word' id='word_1_4' title='bbox 345 615 488 682; x_wconf 88' lang='lat' dir='ltr'><strong>domiuus</strong></span> <span class='ocrx_word' id='word_1_5' title='bbox 510 634 604 683; x_wconf 88' lang='lat' dir='ltr'><strong>seruo</strong></span> <span class='ocrx_word' id='word_1_6' title='bbox 633 615 782 683; x_wconf 82' lang='lat' dir='ltr'><strong>infensior</strong></span> <span class='ocrx_word' id='word_1_7' title='bbox 808 633 923 702; x_wconf 84' lang='lat' dir='ltr'><strong>graues</strong></span> <span class='ocrx_word' id='word_1_8' title='bbox 949 615 1117 696; x_wconf 92' lang='lat' dir='ltr'><strong>aliquando</strong></span> <span class='ocrx_word' id='word_1_9' title='bbox 1147 614 1250 681; x_wconf 90' lang='lat' dir='ltr'><strong>condi·</strong></span> 
     </span>
     <span class='ocr_line' id='line_1_3' title="bbox 126 731 1251 817; baseline -0.004 -15"><span class='ocrx_word' id='word_1_10' title='bbox 126 736 234 802; x_wconf 84' lang='lat' dir='ltr'><strong>cinnes</strong></span> <span class='ocrx_word' id='word_1_11' title='bbox 268 733 443 801; x_wconf 90' lang='lat' dir='ltr'><strong>uenditioni</strong></span> <span class='ocrx_word' id='word_1_12' title='bbox 469 745 654 816; x_wconf 88' lang='lat' dir='ltr'><strong>apponeret,</strong></span> <span class='ocrx_word' id='word_1_13' title='bbox 699 735 797 803; x_wconf 89' lang='lat' dir='ltr'><strong>ueluti</strong></span> <span class='ocrx_word' id='word_1_14' title='bbox 836 735 863 802; x_wconf 90' lang='lat' dir='ltr'><strong>si</strong></span> <span class='ocrx_word' id='word_1_15' title='bbox 901 737 1113 817; x_wconf 83' lang='lat' dir='ltr'><strong>pacisceretur</strong></span> <span class='ocrx_word' id='word_1_16' title='bbox 1142 731 1184 800; x_wconf 85' lang='lat' dir='ltr'><strong>&#39;ut</strong></span> <span class='ocrx_word' id='word_1_17' title='bbox 1218 733 1251 799; x_wconf 92' lang='lat' dir='ltr'><strong>in</strong></span> 
     </span>
     <span class='ocr_line' id='line_1_4' title="bbox 127 851 1252 942; baseline -0.003 -22"><span class='ocrx_word' id='word_1_18' title='bbox 127 855 266 921; x_wconf 89' lang='lat' dir='ltr'><strong>uinculis</strong></span> <span class='ocrx_word' id='word_1_19' title='bbox 295 855 500 933; x_wconf 86' lang='lat' dir='ltr'><strong>retineretur,</strong></span> <span class='ocrx_word' id='word_1_20' title='bbox 534 855 649 921; x_wconf 92' lang='lat' dir='ltr'><strong>uelut</strong></span> <span class='ocrx_word' id='word_1_21' title='bbox 682 873 845 942; x_wconf 89' lang='lat' dir='ltr'><strong>nunquam</strong></span> <span class='ocrx_word' id='word_1_22' title='bbox 873 855 1168 930; x_wconf 77' lang='lat' dir='ltr'><strong>manumitteretur,</strong></span> <span class='ocrx_word' id='word_1_23' title='bbox 1201 851 1252 918; x_wconf 90' lang='lat' dir='ltr'><strong>uel</strong></span> 
     </span>
     <span class='ocr_line' id='line_1_5' title="bbox 126 973 1252 1058; baseline -0.003 -18"><span class='ocrx_word' id='word_1_24' title='bbox 126 980 164 1040; x_wconf 90' lang='lat' dir='ltr'><strong>ut</strong></span> <span class='ocrx_word' id='word_1_25' title='bbox 192 975 224 1040; x_wconf 95' lang='lat' dir='ltr'><strong>in</strong></span> <span class='ocrx_word' id='word_1_26' title='bbox 252 975 378 1057; x_wconf 78' lang='lat' dir='ltr'><strong>regione</strong></span> <span class='ocrx_word' id='word_1_27' title='bbox 407 974 566 1041; x_wconf 81' lang='lat' dir='ltr'><strong>habitaret</strong></span> <span class='ocrx_word' id='word_1_28' title='bbox 597 994 678 1058; x_wconf 91' lang='lat' dir='ltr'><strong>quae</strong></span> <span class='ocrx_word' id='word_1_29' title='bbox 710 976 856 1058; x_wconf 83' lang='lat' dir='ltr'><strong>grauiore</strong></span> <span class='ocrx_word' id='word_1_30' title='bbox 883 995 956 1042; x_wconf 90' lang='lat' dir='ltr'><strong>aere</strong></span> <span class='ocrx_word' id='word_1_31' title='bbox 985 974 1024 1042; x_wconf 91' lang='lat' dir='ltr'><strong>iis</strong></span> <span class='ocrx_word' id='word_1_32' title='bbox 1050 975 1105 1057; x_wconf 91' lang='lat' dir='ltr'><strong>qni</strong></span> <span class='ocrx_word' id='word_1_33' title='bbox 1129 973 1252 1039; x_wconf 92' lang='lat' dir='ltr'><strong>adsueti</strong></span> 
     </span>
     <span class='ocr_line' id='line_1_6' title="bbox 127 1093 1302 1178; baseline -0.003 -18"><span class='ocrx_word' id='word_1_34' title='bbox 127 1115 192 1161; x_wconf 93' lang='lat' dir='ltr'><strong>non</strong></span> <span class='ocrx_word' id='word_1_35' title='bbox 224 1094 307 1173; x_wconf 88' lang='lat' dir='ltr'><strong>sint,</strong></span> <span class='ocrx_word' id='word_1_36' title='bbox 341 1100 462 1160; x_wconf 88' lang='lat' dir='ltr'><strong>utatur:</strong></span> <span class='ocrx_word' id='word_1_37' title='bbox 491 1101 524 1159; x_wconf 90' lang='lat' dir='ltr'><strong>et</strong></span> <span class='ocrx_word' id='word_1_38' title='bbox 556 1095 601 1160; x_wconf 90' lang='lat' dir='ltr'><strong>ita</strong></span> <span class='ocrx_word' id='word_1_39' title='bbox 627 1093 722 1161; x_wconf 87' lang='lat' dir='ltr'><strong>liccat</strong></span> <span class='ocrx_word' id='word_1_40' title='bbox 751 1097 875 1161; x_wconf 91' lang='lat' dir='ltr'><strong>domino</strong></span> <span class='ocrx_word' id='word_1_41' title='bbox 903 1096 972 1178; x_wconf 84' lang='lat' dir='ltr'><strong>tege</strong></span> <span class='ocrx_word' id='word_1_42' title='bbox 1000 1093 1191 1160; x_wconf 91' lang='lat' dir='ltr'><strong>uenditionis</strong></span> <span class='ocrx_word' id='word_1_43' title='bbox 1220 1095 1252 1157; x_wconf 95' lang='lat' dir='ltr'><strong>in</strong></span> <span class='ocrx_word' id='word_1_44' title='bbox 1285 1093 1302 1143; x_wconf 80' lang='lat'>⁵</span> 
     </span>
     <span class='ocr_line' id='line_1_7' title="bbox 128 1201 1253 1295; baseline -0.005 -13"><span class='ocrx_word' id='word_1_45' title='bbox 128 1233 258 1283; x_wconf 90' lang='lat' dir='ltr'><strong>seruum</strong></span> <span class='ocrx_word' id='word_1_46' title='bbox 286 1215 380 1281; x_wconf 87' lang='lat' dir='ltr'><strong>etiam</strong></span> <span class='ocrx_word' id='word_1_47' title='bbox 402 1211 475 1295; x_wconf 86' lang='lat' dir='ltr'><strong>post</strong></span> <span class='ocrx_word' id='word_1_48' title='bbox 495 1213 706 1281; x_wconf 88' lang='lat' dir='ltr'><strong>uenditionem</strong></span> <span class='ocrx_word' id='word_1_49' title='bbox 729 1201 862 1281; x_wconf 86' lang='lat' dir='ltr'><strong>saeuire.</strong></span> <span class='ocrx_word' id='word_1_50' title='bbox 906 1219 992 1280; x_wconf 89' lang='lat' dir='ltr'><strong>recte</strong></span> <span class='ocrx_word' id='word_1_51' title='bbox 1019 1219 1051 1279; x_wconf 90' lang='lat' dir='ltr'><strong>et</strong></span> <span class='ocrx_word' id='word_1_52' title='bbox 1071 1213 1149 1278; x_wconf 89' lang='lat' dir='ltr'><strong>illud</strong></span> <span class='ocrx_word' id='word_1_53' title='bbox 1171 1214 1253 1293; x_wconf 90' lang='lat' dir='ltr'><strong>prin·</strong></span> 
     </span>
     <span class='ocr_line' id='line_1_8' title="bbox 129 1332 1253 1418; baseline -0.005 -14"><span class='ocrx_word' id='word_1_54' title='bbox 129 1353 204 1418; x_wconf 89' lang='lat' dir='ltr'><strong>ceps</strong></span> <span class='ocrx_word' id='word_1_55' title='bbox 238 1334 370 1412; x_wconf 92' lang='lat' dir='ltr'><strong>adiecit,</strong></span> <span class='ocrx_word' id='word_1_56' title='bbox 404 1335 603 1401; x_wconf 89' lang='lat' dir='ltr'><strong>uendendum</strong></span> <span class='ocrx_word' id='word_1_57' title='bbox 636 1354 705 1401; x_wconf 91' lang='lat' dir='ltr'><strong>esse</strong></span> <span class='ocrx_word' id='word_1_58' title='bbox 738 1353 865 1400; x_wconf 88' lang='lat' dir='ltr'><strong>seruum</strong></span> <span class='ocrx_word' id='word_1_59' title='bbox 899 1332 1097 1416; x_wconf 84' lang='lat' dir='ltr'><strong>pretiumque</strong></span> <span class='ocrx_word' id='word_1_60' title='bbox 1129 1335 1253 1399; x_wconf 92' lang='lat' dir='ltr'><strong>domino</strong></span> 
     </span>
     <span class='ocr_line' id='line_1_9' title="bbox 53 1451 1254 1536; baseline -0.003 -12"><span class='ocrx_word' id='word_1_61' title='bbox 53 1521 55 1524; x_wconf 83' lang='grc'>.</span> <span class='ocrx_word' id='word_1_62' title='bbox 129 1455 281 1533; x_wconf 89' lang='lat' dir='ltr'><strong>dandum,</strong></span> <span class='ocrx_word' id='word_1_63' title='bbox 303 1460 340 1520; x_wconf 89' lang='lat' dir='ltr'><strong>ut</strong></span> <span class='ocrx_word' id='word_1_64' title='bbox 362 1459 394 1518; x_wconf 89' lang='lat' dir='ltr'><strong>et</strong></span> <span class='ocrx_word' id='word_1_65' title='bbox 415 1472 527 1520; x_wconf 88' lang='lat' dir='ltr'><strong>seruus</strong></span> <span class='ocrx_word' id='word_1_66' title='bbox 554 1473 611 1536; x_wconf 90' lang='lat' dir='ltr'><strong>per</strong></span> <span class='ocrx_word' id='word_1_67' title='bbox 639 1454 852 1520; x_wconf 89' lang='lat' dir='ltr'><strong>uenditionem</strong></span> <span class='ocrx_word' id='word_1_68' title='bbox 881 1471 1027 1536; x_wconf 90' lang='lat' dir='ltr'><strong>asperum</strong></span> <span class='ocrx_word' id='word_1_69' title='bbox 1055 1451 1179 1535; x_wconf 84' lang='lat' dir='ltr'><strong>fugeret</strong></span> <span class='ocrx_word' id='word_1_70' title='bbox 1201 1453 1254 1520; x_wconf 83' lang='lat' dir='ltr'><strong>do</strong></span> 
     </span>
     <span class='ocr_line' id='line_1_10' title="bbox 130 1572 1340 1656; baseline -0.001 -16"><span class='ocrx_word' id='word_1_71' title='bbox 130 1577 251 1641; x_wconf 92' lang='lat' dir='ltr'><strong>minum</strong></span> <span class='ocrx_word' id='word_1_72' title='bbox 274 1590 376 1653; x_wconf 88' lang='lat' dir='ltr'><strong>neque</strong></span> <span class='ocrx_word' id='word_1_73' title='bbox 399 1574 551 1649; x_wconf 90' lang='lat' dir='ltr'><strong>dominus,</strong></span> <span class='ocrx_word' id='word_1_74' title='bbox 574 1591 643 1639; x_wconf 92' lang='lat' dir='ltr'><strong>cnm</strong></span> <span class='ocrx_word' id='word_1_75' title='bbox 666 1574 800 1655; x_wconf 90' lang='lat' dir='ltr'><strong>pretium</strong></span> <span class='ocrx_word' id='word_1_76' title='bbox 823 1574 986 1656; x_wconf 88' lang='lat' dir='ltr'><strong>acciperet,</strong></span> <span class='ocrx_word' id='word_1_77' title='bbox 1010 1572 1095 1639; x_wconf 89' lang='lat' dir='ltr'><strong>serui</strong></span> <span class='ocrx_word' id='word_1_78' title='bbox 1116 1573 1253 1656; x_wconf 91' lang='lat' dir='ltr'><strong>pretium</strong></span> <span class='ocrx_word' id='word_1_79' title='bbox 1339 1589 1340 1592; x_wconf 73' lang='grc'>’</span> 
     </span>
     <span class='ocr_line' id='line_1_11' title="bbox 130 1693 1304 1778; baseline -0.001 -17"><span class='ocrx_word' id='word_1_80' title='bbox 130 1695 288 1778; x_wconf 84' lang='lat' dir='ltr'><strong>perderet.</strong></span> <span class='ocrx_word' id='word_1_81' title='bbox 342 1713 443 1778; x_wconf 92' lang='lat' dir='ltr'><strong>neque</strong></span> <span class='ocrx_word' id='word_1_82' title='bbox 473 1699 521 1759; x_wconf 88' lang='lat' dir='ltr'><strong>est</strong></span> <span class='ocrx_word' id='word_1_83' title='bbox 550 1712 606 1760; x_wconf 93' lang='lat' dir='ltr'><strong>cur</strong></span> <span class='ocrx_word' id='word_1_84' title='bbox 634 1693 818 1775; x_wconf 84' lang='lat' dir='ltr'><strong>indignetur</strong></span> <span class='ocrx_word' id='word_1_85' title='bbox 847 1695 990 1760; x_wconf 90' lang='lat' dir='ltr'><strong>dominns</strong></span> <span class='ocrx_word' id='word_1_86' title='bbox 1016 1695 1105 1774; x_wconf 92' lang='lat' dir='ltr'><strong>quasi</strong></span> <span class='ocrx_word' id='word_1_87' title='bbox 1134 1713 1194 1760; x_wconf 95' lang='lat' dir='ltr'><strong>non</strong></span> <span class='ocrx_word' id='word_1_88' title='bbox 1223 1695 1304 1762; x_wconf 88' lang='lat' dir='ltr'><strong>ei10</strong></span> 
     </span>
     <span class='ocr_line' id='line_1_12' title="bbox 132 1806 1254 1896; baseline 0.004 -20"><span class='ocrx_word' id='word_1_89' title='bbox 132 1806 229 1880; x_wconf 82' lang='lat' dir='ltr'><strong>liceat</strong></span> <span class='ocrx_word' id='word_1_90' title='bbox 251 1814 318 1879; x_wconf 92' lang='lat' dir='ltr'><strong>suis</strong></span> <span class='ocrx_word' id='word_1_91' title='bbox 341 1814 441 1880; x_wconf 89' lang='lat' dir='ltr'><strong>seruis</strong></span> <span class='ocrx_word' id='word_1_92' title='bbox 463 1815 633 1896; x_wconf 90' lang='lat' dir='ltr'><strong>imperare:</strong></span> <span class='ocrx_word' id='word_1_93' title='bbox 657 1815 801 1896; x_wconf 92' lang='lat' dir='ltr'><strong>princeps</strong></span> <span class='ocrx_word' id='word_1_94' title='bbox 829 1813 912 1879; x_wconf 90' lang='lat' dir='ltr'><strong>enim</strong></span> <span class='ocrx_word' id='word_1_95' title='bbox 934 1812 985 1879; x_wconf 91' lang='lat' dir='ltr'><strong>uel</strong></span> <span class='ocrx_word' id='word_1_96' title='bbox 1007 1815 1123 1879; x_wconf 90' lang='lat' dir='ltr'><strong>inuitos</strong></span> <span class='ocrx_word' id='word_1_97' title='bbox 1146 1815 1254 1882; x_wconf 89' lang='lat' dir='ltr'><strong>subdi-</strong></span> 
     </span>
     <span class='ocr_line' id='line_1_13' title="bbox 132 1913 1254 2014; baseline 0.001 -15"><span class='ocrx_word' id='word_1_98' title='bbox 132 1942 182 1999; x_wconf 90' lang='lat' dir='ltr'><strong>tos</strong></span> <span class='ocrx_word' id='word_1_99' title='bbox 218 1953 293 2014; x_wconf 90' lang='lat' dir='ltr'><strong>suos</strong></span> <span class='ocrx_word' id='word_1_100' title='bbox 332 1933 481 2000; x_wconf 90' lang='lat' dir='ltr'><strong>beneficio</strong></span> <span class='ocrx_word' id='word_1_101' title='bbox 514 1933 628 2000; x_wconf 89' lang='lat' dir='ltr'><strong>adficit.</strong></span> <span class='ocrx_word' id='word_1_102' title='bbox 691 1933 781 2001; x_wconf 79' lang='lat' dir='ltr'><strong>facile</strong></span> <span class='ocrx_word' id='word_1_103' title='bbox 799 1913 895 1999; x_wconf 54' lang='lat' dir='ltr'><strong>&#39;enim</strong></span> <span class='ocrx_word' id='word_1_104' title='bbox 930 1939 1013 1999; x_wconf 91' lang='lat' dir='ltr'><strong>esset</strong></span> <span class='ocrx_word' id='word_1_105' title='bbox 1045 1933 1185 2001; x_wconf 85' lang='lat' dir='ltr'><strong>futurum</strong></span> <span class='ocrx_word' id='word_1_106' title='bbox 1219 1943 1254 2000; x_wconf 93' lang='lat' dir='ltr'><strong>nt</strong></span> 
     </span>
     <span class='ocr_line' id='line_1_14' title="bbox 133 2052 1253 2136; baseline 0.002 -18"><span class='ocrx_word' id='word_1_107' title='bbox 133 2055 227 2133; x_wconf 88' lang='lat' dir='ltr'><strong>serui,</strong></span> <span class='ocrx_word' id='word_1_108' title='bbox 251 2052 306 2132; x_wconf 90' lang='lat' dir='ltr'><strong>qui</strong></span> <span class='ocrx_word' id='word_1_109' title='bbox 335 2053 451 2119; x_wconf 91' lang='lat' dir='ltr'><strong>nullam</strong></span> <span class='ocrx_word' id='word_1_110' title='bbox 482 2052 595 2136; x_wconf 79' lang='lat' dir='ltr'><strong>refugii</strong></span> <span class='ocrx_word' id='word_1_111' title='bbox 622 2053 741 2136; x_wconf 87' lang='lat' dir='ltr'><strong>copiam</strong></span> <span class='ocrx_word' id='word_1_112' title='bbox 771 2052 936 2132; x_wconf 88' lang='lat' dir='ltr'><strong>haberent,</strong></span> <span class='ocrx_word' id='word_1_113' title='bbox 966 2053 1092 2120; x_wconf 90' lang='lat' dir='ltr'><strong>sibimet</strong></span> <span class='ocrx_word' id='word_1_114' title='bbox 1122 2060 1253 2121; x_wconf 90' lang='lat' dir='ltr'><strong>mortem</strong></span> 
     </span>
     <span class='ocr_line' id='line_1_15' title="bbox 133 2173 1253 2255; baseline 0.003 -17"><span class='ocrx_word' id='word_1_115' title='bbox 133 2173 363 2240; x_wconf 82' lang='lat' dir='ltr'><strong>consciscerent</strong></span> <span class='ocrx_word' id='word_1_116' title='bbox 389 2180 446 2238; x_wconf 90' lang='lat' dir='ltr'><strong>aut</strong></span> <span class='ocrx_word' id='word_1_117' title='bbox 467 2173 573 2254; x_wconf 88' lang='lat' dir='ltr'><strong>fugam</strong></span> <span class='ocrx_word' id='word_1_118' title='bbox 596 2180 795 2254; x_wconf 81' lang='lat' dir='ltr'><strong>capesserent</strong></span> <span class='ocrx_word' id='word_1_119' title='bbox 817 2179 850 2240; x_wconf 91' lang='lat' dir='ltr'><strong>et</strong></span> <span class='ocrx_word' id='word_1_120' title='bbox 871 2173 915 2239; x_wconf 91' lang='lat' dir='ltr'><strong>sic</strong></span> <span class='ocrx_word' id='word_1_121' title='bbox 930 2174 1023 2255; x_wconf 90' lang='lat' dir='ltr'><strong>pretii</strong></span> <span class='ocrx_word' id='word_1_122' title='bbox 1042 2175 1091 2238; x_wconf 89' lang='lat' dir='ltr'><strong>sui</strong></span> <span class='ocrx_word' id='word_1_123' title='bbox 1107 2173 1253 2240; x_wconf 89' lang='lat' dir='ltr'><strong>damnum</strong></span> 
     </span>
     <span class='ocr_line' id='line_1_16' title="bbox 133 2291 1304 2376; baseline 0 -18"><span class='ocrx_word' id='word_1_124' title='bbox 133 2293 259 2358; x_wconf 91' lang='lat' dir='ltr'><strong>domino</strong></span> <span class='ocrx_word' id='word_1_125' title='bbox 282 2292 451 2358; x_wconf 81' lang='lat' dir='ltr'><strong>adferrent.</strong></span> <span class='ocrx_word' id='word_1_126' title='bbox 487 2294 652 2376; x_wconf 90' lang='lat' dir='ltr'><strong>utriusque</strong></span> <span class='ocrx_word' id='word_1_127' title='bbox 674 2291 772 2376; x_wconf 92' lang='lat' dir='ltr'><strong>igitur</strong></span> <span class='ocrx_word' id='word_1_128' title='bbox 800 2311 906 2360; x_wconf 85' lang='lat' dir='ltr'><strong>curam</strong></span> <span class='ocrx_word' id='word_1_129' title='bbox 936 2293 1049 2374; x_wconf 84' lang='lat' dir='ltr'><strong>gessit,</strong></span> <span class='ocrx_word' id='word_1_130' title='bbox 1077 2292 1193 2359; x_wconf 92' lang='lat' dir='ltr'><strong>domini</strong></span> <span class='ocrx_word' id='word_1_131' title='bbox 1222 2300 1255 2358; x_wconf 91' lang='lat' dir='ltr'><strong>et</strong></span> <span class='ocrx_word' id='word_1_132' title='bbox 1274 2299 1304 2349; x_wconf 75' lang='lat'><strong>1⁵</strong></span> 
     </span>
     <span class='ocr_line' id='line_1_17' title="bbox 133 2411 1254 2494; baseline -0.001 -18"><span class='ocrx_word' id='word_1_133' title='bbox 133 2413 233 2490; x_wconf 81' lang='lat' dir='ltr'><strong>serni:</strong></span> <span class='ocrx_word' id='word_1_134' title='bbox 259 2411 384 2493; x_wconf 83' lang='lat' dir='ltr'><strong>expedit</strong></span> <span class='ocrx_word' id='word_1_135' title='bbox 407 2413 488 2477; x_wconf 91' lang='lat' dir='ltr'><strong>enim</strong></span> <span class='ocrx_word' id='word_1_136' title='bbox 511 2412 700 2494; x_wconf 88' lang='lat' dir='ltr'><strong>reipublicae</strong></span> <span class='ocrx_word' id='word_1_137' title='bbox 727 2430 767 2477; x_wconf 92' lang='lat' dir='ltr'><strong>ne</strong></span> <span class='ocrx_word' id='word_1_138' title='bbox 794 2413 864 2494; x_wconf 91' lang='lat' dir='ltr'><strong>quis</strong></span> <span class='ocrx_word' id='word_1_139' title='bbox 892 2432 927 2479; x_wconf 91' lang='lat' dir='ltr'><strong>re</strong></span> <span class='ocrx_word' id='word_1_140' title='bbox 949 2431 1008 2479; x_wconf 86' lang='lat' dir='ltr'><strong>sua</strong></span> <span class='ocrx_word' id='word_1_141' title='bbox 1034 2412 1113 2478; x_wconf 87' lang='lat' dir='ltr'><strong>male</strong></span> <span class='ocrx_word' id='word_1_142' title='bbox 1136 2417 1254 2477; x_wconf 89' lang='lat' dir='ltr'><strong>utatur.</strong></span> 
     </span>
     <span class='ocr_line' id='line_1_18' title="bbox 134 2530 1253 2614; baseline -0.001 -18"><span class='ocrx_word' id='word_1_143' title='bbox 134 2534 233 2597; x_wconf 86' lang='lat' dir='ltr'><strong>uerba</strong></span> <span class='ocrx_word' id='word_1_144' title='bbox 273 2539 378 2596; x_wconf 88' lang='lat' dir='ltr'><strong>autem</strong></span> <span class='ocrx_word' id='word_1_145' title='bbox 418 2532 562 2614; x_wconf 86' lang='lat' dir='ltr'><strong>rescripti</strong></span> <span class='ocrx_word' id='word_1_146' title='bbox 598 2533 638 2597; x_wconf 91' lang='lat' dir='ltr'><strong>ad</strong></span> <span class='ocrx_word' id='word_1_147' title='bbox 672 2530 794 2598; x_wconf 88' lang='lat' dir='ltr'><strong>Aelium</strong></span> <span class='ocrx_word' id='word_1_148' title='bbox 828 2530 1020 2598; x_wconf 90' lang='lat' dir='ltr'><strong>Marcianum</strong></span> <span class='ocrx_word' id='word_1_149' title='bbox 1058 2533 1134 2598; x_wconf 90' lang='lat' dir='ltr'><strong>haec</strong></span> <span class='ocrx_word' id='word_1_150' title='bbox 1168 2540 1253 2597; x_wconf 90' lang='lat' dir='ltr'><strong>sunt:</strong></span> 
     </span>
     <span class='ocr_line' id='line_1_19' title="bbox 137 2650 1253 2733; baseline 0 -18"><span class='ocrx_word' id='word_1_151' title='bbox 137 2650 354 2716; x_wconf 77' lang='lat' dir='ltr'><strong>»dominorum</strong></span> <span class='ocrx_word' id='word_1_152' title='bbox 392 2659 580 2733; x_wconf 87' lang='lat' dir='ltr'><strong>potestatem</strong></span> <span class='ocrx_word' id='word_1_153' title='bbox 619 2651 769 2718; x_wconf 88' lang='lat' dir='ltr'><strong>illibatam</strong></span> <span class='ocrx_word' id='word_1_154' title='bbox 812 2669 881 2718; x_wconf 90' lang='lat' dir='ltr'><strong>esse</strong></span> <span class='ocrx_word' id='word_1_155' title='bbox 920 2657 1046 2733; x_wconf 89' lang='lat' dir='ltr'><strong>oportet</strong></span> <span class='ocrx_word' id='word_1_156' title='bbox 1084 2669 1185 2732; x_wconf 90' lang='lat' dir='ltr'><strong>neque</strong></span> <span class='ocrx_word' id='word_1_157' title='bbox 1222 2651 1253 2714; x_wconf 91' lang='lat' dir='ltr'><strong>id</strong></span> 
     </span>
     <span class='ocr_line' id='line_1_20' title="bbox 137 2770 1255 2852; baseline 0 -18"><span class='ocrx_word' id='word_1_158' title='bbox 137 2770 225 2852; x_wconf 83' lang='lat' dir='ltr'><strong>»lege</strong></span> <span class='ocrx_word' id='word_1_159' title='bbox 248 2770 360 2848; x_wconf 92' lang='lat' dir='ltr'><strong>minui,</strong></span> <span class='ocrx_word' id='word_1_160' title='bbox 388 2770 471 2836; x_wconf 91' lang='lat' dir='ltr'><strong>idest</strong></span> <span class='ocrx_word' id='word_1_161' title='bbox 500 2789 561 2835; x_wconf 90' lang='lat' dir='ltr'><strong>uon</strong></span> <span class='ocrx_word' id='word_1_162' title='bbox 591 2779 665 2836; x_wconf 90' lang='lat' dir='ltr'><strong>sunt</strong></span> <span class='ocrx_word' id='word_1_163' title='bbox 698 2770 830 2835; x_wconf 91' lang='lat' dir='ltr'><strong>dominis</strong></span> <span class='ocrx_word' id='word_1_164' title='bbox 862 2771 930 2836; x_wconf 92' lang='lat' dir='ltr'><strong>iura</strong></span> <span class='ocrx_word' id='word_1_165' title='bbox 959 2770 1161 2836; x_wconf 88' lang='lat' dir='ltr'><strong>detrahenda.</strong></span> <span class='ocrx_word' id='word_1_166' title='bbox 1207 2779 1255 2834; x_wconf 86' lang='lat' dir='ltr'><strong>set</strong></span> 
     </span>
     <span class='ocr_line' id='line_1_21' title="bbox 137 2888 1305 2956; baseline 0 -2"><span class='ocrx_word' id='word_1_167' title='bbox 137 2888 352 2954; x_wconf 82' lang='lat' dir='ltr'><strong>»dominorum</strong></span> <span class='ocrx_word' id='word_1_168' title='bbox 385 2890 517 2955; x_wconf 90' lang='lat' dir='ltr'><strong>interest</strong></span> <span class='ocrx_word' id='word_1_169' title='bbox 549 2891 699 2956; x_wconf 83' lang='lat' dir='ltr'><strong>auxilinm</strong></span> <span class='ocrx_word' id='word_1_170' title='bbox 736 2891 836 2956; x_wconf 90' lang='lat' dir='ltr'><strong>seruis</strong></span> <span class='ocrx_word' id='word_1_171' title='bbox 873 2910 893 2955; x_wconf 89' lang='lat' dir='ltr'><strong>a</strong></span> <span class='ocrx_word' id='word_1_172' title='bbox 926 2891 1058 2956; x_wconf 92' lang='lat' dir='ltr'><strong>dominis</strong></span> <span class='ocrx_word' id='word_1_173' title='bbox 1088 2889 1168 2954; x_wconf 90' lang='lat' dir='ltr'><strong>mate</strong></span> <span class='ocrx_word' id='word_1_174' title='bbox 1199 2889 1254 2953; x_wconf 89' lang='lat' dir='ltr'><strong>ha·</strong></span> <span class='ocrx_word' id='word_1_175' title='bbox 1270 2903 1305 2954; x_wconf 82' lang='lat'><strong>20</strong></span> 
     </span>
     <span class='ocr_line' id='line_1_22' title="bbox 136 3007 1254 3075; baseline -0.001 -2"><span class='ocrx_word' id='word_1_176' title='bbox 136 3007 231 3073; x_wconf 83' lang='lat' dir='ltr'><strong>»bitis</strong></span> <span class='ocrx_word' id='word_1_177' title='bbox 264 3007 339 3073; x_wconf 89' lang='lat' dir='ltr'><strong>ferri</strong></span> <span class='ocrx_word' id='word_1_178' title='bbox 371 3014 481 3073; x_wconf 89' lang='lat' dir='ltr'><strong>contra</strong></span> <span class='ocrx_word' id='word_1_179' title='bbox 513 3009 592 3074; x_wconf 84' lang='lat' dir='ltr'><strong>iram</strong></span> <span class='ocrx_word' id='word_1_180' title='bbox 625 3008 813 3075; x_wconf 88' lang='lat' dir='ltr'><strong>inmodicam</strong></span> <span class='ocrx_word' id='word_1_181' title='bbox 847 3011 898 3075; x_wconf 91' lang='lat' dir='ltr'><strong>uel</strong></span> <span class='ocrx_word' id='word_1_182' title='bbox 925 3008 1038 3075; x_wconf 82' lang='lat' dir='ltr'><strong>tamam</strong></span> <span class='ocrx_word' id='word_1_183' title='bbox 1065 3008 1116 3075; x_wconf 89' lang='lat' dir='ltr'><strong>uel</strong></span> <span class='ocrx_word' id='word_1_184' title='bbox 1145 3007 1254 3072; x_wconf 88' lang='lat' dir='ltr'><strong>intole-</strong></span> 
     </span>
     <span class='ocr_line' id='line_1_23' title="bbox 135 3126 1255 3209; baseline -0.003 -17"><span class='ocrx_word' id='word_1_185' title='bbox 135 3126 287 3194; x_wconf 65' lang='lat' dir='ltr'><strong>rrabilem</strong></span> <span class='ocrx_word' id='word_1_186' title='bbox 313 3127 468 3192; x_wconf 88' lang='lat' dir='ltr'><strong>iniuriam.</strong></span> <span class='ocrx_word' id='word_1_187' title='bbox 510 3128 643 3208; x_wconf 89' lang='lat' dir='ltr'><strong>ideoque</strong></span> <span class='ocrx_word' id='word_1_188' title='bbox 666 3145 817 3209; x_wconf 84' lang='lat' dir='ltr'><strong>cognosce</strong></span> <span class='ocrx_word' id='word_1_189' title='bbox 840 3127 879 3192; x_wconf 90' lang='lat' dir='ltr'><strong>de</strong></span> <span class='ocrx_word' id='word_1_190' title='bbox 902 3126 1049 3209; x_wconf 88' lang='lat' dir='ltr'><strong>querellis</strong></span> <span class='ocrx_word' id='word_1_191' title='bbox 1072 3144 1179 3191; x_wconf 90' lang='lat' dir='ltr'><strong>eorum</strong></span> <span class='ocrx_word' id='word_1_192' title='bbox 1202 3127 1255 3205; x_wconf 92' lang='lat' dir='ltr'><strong>qui</strong></span> 
     </span>
     <span class='ocr_line' id='line_1_24' title="bbox 137 3245 1255 3330; baseline -0.005 -17"><span class='ocrx_word' id='word_1_193' title='bbox 137 3266 196 3313; x_wconf 76' lang='lat' dir='ltr'><strong>aex</strong></span> <span class='ocrx_word' id='word_1_194' title='bbox 218 3245 336 3311; x_wconf 80' lang='lat' dir='ltr'><strong>familia</strong></span> <span class='ocrx_word' id='word_1_195' title='bbox 358 3245 429 3312; x_wconf 92' lang='lat' dir='ltr'><strong>Iulii</strong></span> <span class='ocrx_word' id='word_1_196' title='bbox 452 3245 559 3312; x_wconf 85' lang='lat' dir='ltr'><strong>Sabini</strong></span> <span class='ocrx_word' id='word_1_197' title='bbox 582 3247 622 3311; x_wconf 89' lang='lat' dir='ltr'><strong>ad</strong></span> <span class='ocrx_word' id='word_1_198' title='bbox 645 3250 767 3313; x_wconf 90' lang='lat' dir='ltr'><strong>statuas</strong></span> <span class='ocrx_word' id='word_1_199' title='bbox 790 3247 1010 3330; x_wconf 83' lang='lat' dir='ltr'><strong>confugerunt3</strong></span> <span class='ocrx_word' id='word_1_200' title='bbox 1038 3252 1070 3311; x_wconf 93' lang='lat' dir='ltr'><strong>et</strong></span> <span class='ocrx_word' id='word_1_201' title='bbox 1099 3245 1126 3309; x_wconf 93' lang='lat' dir='ltr'><strong>si</strong></span> <span class='ocrx_word' id='word_1_202' title='bbox 1155 3245 1255 3326; x_wconf 91' lang='lat' dir='ltr'><strong>inqui-</strong></span> 
     </span>
     <span class='ocr_line' id='line_1_25' title="bbox 136 3363 1253 3447; baseline -0.004 -16"><span class='ocrx_word' id='word_1_203' title='bbox 136 3385 229 3431; x_wconf 83' lang='lat' dir='ltr'><strong>»rens</strong></span> <span class='ocrx_word' id='word_1_204' title='bbox 249 3364 359 3430; x_wconf 87' lang='lat' dir='ltr'><strong>durius</strong></span> <span class='ocrx_word' id='word_1_205' title='bbox 375 3384 428 3432; x_wconf 87' lang='lat' dir='ltr'><strong>eos</strong></span> <span class='ocrx_word' id='word_1_206' title='bbox 444 3384 537 3447; x_wconf 92' lang='lat' dir='ltr'><strong>qnam</strong></span> <span class='ocrx_word' id='word_1_207' title='bbox 552 3385 610 3447; x_wconf 89' lang='lat' dir='ltr'><strong>par</strong></span> <span class='ocrx_word' id='word_1_208' title='bbox 632 3375 681 3431; x_wconf 86' lang='lat' dir='ltr'><strong>est</strong></span> <span class='ocrx_word' id='word_1_209' title='bbox 702 3365 826 3432; x_wconf 89' lang='lat' dir='ltr'><strong>habitos</strong></span> <span class='ocrx_word' id='word_1_210' title='bbox 849 3367 900 3432; x_wconf 88' lang='lat' dir='ltr'><strong>uei</strong></span> <span class='ocrx_word' id='word_1_211' title='bbox 922 3367 962 3430; x_wconf 89' lang='lat' dir='ltr'><strong>ad</strong></span> <span class='ocrx_word' id='word_1_212' title='bbox 985 3375 1077 3445; x_wconf 88' lang='lat' dir='ltr'><strong>turpe</strong></span> <span class='ocrx_word' id='word_1_213' title='bbox 1099 3363 1253 3444; x_wconf 87' lang='lat' dir='ltr'><strong>quoddam</strong></span> 
     </span>
     <span class='ocr_line' id='line_1_26' title="bbox 134 3484 1305 3567; baseline -0.003 -17"><span class='ocrx_word' id='word_1_214' title='bbox 134 3484 278 3550; x_wconf 71' lang='lat' dir='ltr'><strong>»moinus</strong></span> <span class='ocrx_word' id='word_1_215' title='bbox 290 3484 464 3565; x_wconf 87' lang='lat' dir='ltr'><strong>compulsos</strong></span> <span class='ocrx_word' id='word_1_216' title='bbox 472 3485 665 3566; x_wconf 89' lang='lat' dir='ltr'><strong>cognoueris,</strong></span> <span class='ocrx_word' id='word_1_217' title='bbox 672 3487 771 3551; x_wconf 91' lang='lat' dir='ltr'><strong>ueniri</strong></span> <span class='ocrx_word' id='word_1_218' title='bbox 785 3486 867 3564; x_wconf 91' lang='lat' dir='ltr'><strong>iube,</strong></span> <span class='ocrx_word' id='word_1_219' title='bbox 880 3487 925 3550; x_wconf 89' lang='lat' dir='ltr'><strong>ita</strong></span> <span class='ocrx_word' id='word_1_220' title='bbox 936 3484 1072 3567; x_wconf 90' lang='lat' dir='ltr'><strong>quidem,</strong></span> <span class='ocrx_word' id='word_1_221' title='bbox 1083 3484 1160 3549; x_wconf 91' lang='lat' dir='ltr'><strong>utin</strong></span> <span class='ocrx_word' id='word_1_222' title='bbox 1171 3487 1255 3564; x_wconf 81' lang='lat' dir='ltr'><strong>pote</strong></span> <span class='ocrx_word' id='word_1_223' title='bbox 1271 3506 1305 3557; x_wconf 82' lang='lat'><strong>25</strong></span> 
     </span>
     <span class='ocr_line' id='line_1_27' title="bbox 135 3603 1255 3687; baseline -0.002 -19"><span class='ocrx_word' id='word_1_224' title='bbox 135 3606 271 3668; x_wconf 81' lang='lat' dir='ltr'><strong>»statem</strong></span> <span class='ocrx_word' id='word_1_225' title='bbox 287 3603 458 3668; x_wconf 90' lang='lat' dir='ltr'><strong>uenditorie</strong></span> <span class='ocrx_word' id='word_1_226' title='bbox 474 3622 535 3668; x_wconf 92' lang='lat' dir='ltr'><strong>non</strong></span> <span class='ocrx_word' id='word_1_227' title='bbox 551 3610 760 3670; x_wconf 80' lang='lat' dir='ltr'><strong>reuertentur.</strong></span> <span class='ocrx_word' id='word_1_228' title='bbox 788 3603 836 3670; x_wconf 91' lang='lat' dir='ltr'><strong>siu</strong></span> <span class='ocrx_word' id='word_1_229' title='bbox 854 3610 957 3669; x_wconf 89' lang='lat' dir='ltr'><strong>antem</strong></span> <span class='ocrx_word' id='word_1_230' title='bbox 973 3604 1150 3687; x_wconf 89' lang='lat' dir='ltr'><strong>praedictus</strong></span> <span class='ocrx_word' id='word_1_231' title='bbox 1168 3603 1255 3669; x_wconf 87' lang='lat' dir='ltr'><strong>Sabi-</strong></span> 
     </span>
     <span class='ocr_line' id='line_1_28' title="bbox 134 3709 1256 3805; baseline 0.004 -23"><span class='ocrx_word' id='word_1_232' title='bbox 134 3740 215 3788; x_wconf 77' lang='lat' dir='ltr'><strong>›nus</strong></span> <span class='ocrx_word' id='word_1_233' title='bbox 231 3722 349 3802; x_wconf 91' lang='lat' dir='ltr'><strong>aliquid</strong></span> <span class='ocrx_word' id='word_1_234' title='bbox 363 3721 396 3787; x_wconf 92' lang='lat' dir='ltr'><strong>in</strong></span> <span class='ocrx_word' id='word_1_235' title='bbox 411 3721 551 3790; x_wconf 88' lang='lat' dir='ltr'><strong>fraudem</strong></span> <span class='ocrx_word' id='word_1_236' title='bbox 567 3709 697 3792; x_wconf 89' lang='lat' dir='ltr'><strong>huiusce</strong></span> <span class='ocrx_word' id='word_1_237' title='bbox 712 3724 942 3790; x_wconf 88' lang='lat' dir='ltr'><strong>constitutionis</strong></span> <span class='ocrx_word' id='word_1_238' title='bbox 958 3724 1060 3790; x_wconf 86' lang='lat' dir='ltr'><strong>facere</strong></span> <span class='ocrx_word' id='word_1_239' title='bbox 1075 3741 1256 3805; x_wconf 86' lang='lat' dir='ltr'><strong>praesump-</strong></span> 
     </span>
    </p>
   </div>
   <div class='ocr_carea' id='block_1_3' title="bbox 0 0 1536 4884">
    <p class='ocr_par' dir='ltr' id='par_1_3' title="bbox 0 0 1536 4884">
     <span class='ocr_line' id='line_1_29' title="bbox 0 0 1536 4884; baseline 0 0"><span class='ocrx_word' id='word_1_240' title='bbox 0 0 1536 4884; x_wconf 95' lang='lat' dir='ltr'><strong> </strong></span> 
     </span>
    </p>
   </div>
  </div>
 </body>
</html>
