3038 4884
706 398 915 462 ..28-

251 587 309 670 μέν
331 582 437 672 ἐπειδή
461 584 515 648 ένα
536 586 586 648 καί
606 583 703 669 μόνον
725 586 775 648 καί
797 584 837 650 ού
861 583 1040 668 περαιτέρω
1068 582 1168 656 ἔξεστι
1197 585 1243 668 τῷ
1265 581 1380 666 άπόρφ

253 689 387 774 γράφειν
410 687 609 775 κληρονόμον.
653 688 745 776 μέχρι
766 689 828 772 γὰρ
857 689 928 761 ἑνδς
953 688 1009 773 τήν
1036 687 1149 750 οἰκείαν
1179 686 1381 772 παραχαράτ-

254 815 298 854 τει
320 791 517 876 νομοθεσίαν·
538 790 733 857 necessarios
755 791 792 854 δὲ
814 790 924 877 ἐπειδή
947 791 996 852 καί
1021 790 1066 875 μή
1087 788 1282 872 βουλόμενος
1304 787 1380 867 γίνε-

254 917 302 957 ται
324 894 536 979 κληρονόμος·
570 893 688 976 ἐγίνετο
711 895 748 958 δὲ
771 891 863 969 οὗτος
886 893 1089 980 κληρονόμος,
1113 891 1224 978 ἑτέρου
1244 892 1288 978 μή
1312 892 1381 977 κλη-

218 999 464 1080 5ρυνομούντος
485 996 547 1060 ἀπὸ
570 995 722 1084 διαθήκης
743 995 763 1083 ή
793 996 844 1060 διὰ
865 999 902 1060 τδ
922 995 1030 1080 ἕτερον
1050 995 1095 1081 μή
1125 992 1336 1079 γεγράφθαιί)
1360 991 1380 1078 ή

252 1097 360 1185 ἐπειδὴ
384 1100 402 1162 ό
429 1098 645 1184 γεγραμμένος
674 1097 731 1164 ούκ
757 1097 912 1185 ἠβούλετο
947 1098 1186 1183 κληρονομῆσαι.
1231 1096 1380 1183 μεγίστης

252 1201 312 1284 γὰρ
341 1199 378 1288 ήν
408 1204 499 1267 τοῦτο
527 1200 725 1287 προμηθείας
751 1207 807 1266 τοῦ
837 1198 984 1283 νόμουί),
1000 1193 1097 1274 -ὥςτε
1125 1197 1199 1274 τοὺς
1227 1195 1378 1282 ἀπόρους,

251 1303 296 1366 ὧν
313 1303 440 1378 ἕκαστος
456 1309 624 1390 παρῃτεῖτο
648 1304 702 1390 τήν
725 1303 944 1390 κληρονομίαν,
968 1300 1026 1368 ύπδ
1049 1301 1168 1365 οἰκέτου
1190 1298 1287 1365 αὐτοῦ
1309 1301 1378 1386 κλη-

249 1405 465 1491 ρονομεῖσθαι,
489 1406 525 1482 δς
547 1405 661 1494 ήμελλε
690 1407 724 1468 τὸ
754 1407 856 1468 ίκανδν
885 1407 948 1480 τοῖς
956 1403 981 1485 ³)
1010 1399 1179 1468 creditorsi
1204 1403 1300 1465 ποιεῖν
1329 1404 1379 1465 καὶ

204 1521 236 1571 10
252 1511 288 1571 τδ
306 1509 405 1597 χρέος
426 1508 533 1584 αὐτοῖς
556 1509 768 1594 ἀποπληροῦν.
792 1505 812 1592 ή
837 1507 945 1570 τούτου
965 1508 1010 1592 μή
1033 1503 1204 1588 γινομένου,
1226 1503 1265 1567 τὰ
1280 1507 1376 1587 πράγ-

249 1635 334 1694 ματα
352 1611 623 1694 διεπιπράσκετοί)
647 1609 749 1674 οόκέτι
772 1608 826 1676 τού
842 1609 1083 1694 τελευτήσαντος
1105 1605 1182 1668 ἀλλὰ
1196 1607 1253 1672 τού
1267 1607 1377 1693 κληρο-

252 1713 348 1797 νόμου
364 1715 412 1776 καί
427 1712 574 1778 ἐντεῦθεν
588 1737 624 1778 το
642 1712 831 1796 ἀνύβριστον
854 1711 1070 1796 τελευτήσαντι
1095 1706 1292 1791 περιεγίνετο.
1327 1713 1377 1773 καί

251 1815 399 1898 ἑκάτερος
422 1813 619 1901 εόηργετεῒτο
641 1817 731 1879 καλό
760 1814 949 1902 τελευτήσας
968 1813 1018 1875 καί
1047 1812 1064 1871 δ
1087 1809 1312 1894 ἀπελεύθερος.
1357 1813 1375 1875 ό

250 1917 311 2000 γὰρ
334 1917 454 2000 ἄπορος
476 1918 505 1981 εἰ
521 1920 572 1981 κιιί
593 1919 636 1992 εἰς
660 1919 712 2005 τήν
734 1921 791 1982 τοῦ
813 1916 931 1980 οἰκέτου
953 1914 1122 2000 διατίμησιν
1137 1914 1298 2000 ἠλάττωσε
1321 1917 1375 2002 τήν

201 2030 232 2082 15
251 2017 363 2081 οἰκείαν
386 2019 576 2102 περιουσίαν,
599 2021 655 2083 αλλ

253 2123 303 2185 καί
324 2119 475 2208 ὑβρίσθη,
505 2121 585 2186 ἀλλὰ
604 2121 720 2207 μισθὸν
748 2121 821 2208 ἔαγε
851 2126 907 2209 τής
938 2119 1066 2204 ύβρεως
1093 2120 1146 2205 τήν
1176 2116 1373 2201 ἐλευθερίαν.

249 2225 279 2288 2.
309 2223 346 2286 Εἰ
367 2225 415 2287 καί
437 2224 506 2311 δίχα
528 2223 712 2312 ἐλευθερίας
734 2225 751 2286 ό
771 2223 889 2308 οἰκέτης
911 2221 1039 2308 ἐγράφη
1061 2221 1263 2306 κληρονόμος,
1286 2217 1374 2284 ἐλεύ·
1391 2228 1418 2280 2.

249 2325 349 2412 θερος
371 2325 499 2409 ἐγίνετο,
520 2330 613 2393 τοῦτο
637 2326 811 2400 διατάξεως
833 2327 890 2390 τού
912 2323 1068 2412 ήμετέρου
1090 2321 1248 2405 βασιλέως
1270 2323 1375 2386 κελευ-

249 2429 348 2516 ούσης
370 2426 508 2510 γενικῶς,
531 2428 592 2493 εἴτε
615 2429 743 2512 ἄπορος,
768 2427 830 2492 εἴτε
853 2428 998 2504 πλούσιος
1019 2427 1056 2515 ήν
1072 2429 1089 2490 ό
1106 2426 1295 2512 τελευτήσας
1311 2452 1374 2492 και·
1511 2493 1512 2496 ,

198 2540 233 2591 20
252 2530 371 2615 νοτέρφ
395 2531 632 2616 φιλανθρωπίας
649 2531 854 2619 χρησαμένης
877 2532 1031 2615 λογισμῷ·
1054 2520 1134 2606 ιόςτε
1149 2526 1188 2603 ἐξ
1207 2533 1304 2618 αὐτῆς
1315 2533 1373 2614 μό-

249 2653 303 2718 νης
335 2637 392 2718 τής
422 2630 603 2709 ἐνστάσεως
631 2637 684 2697 τὸν
714 2633 832 2720 οἰκέτην
861 2629 1126 2717 ἐλευθερούσθω·
1152 2629 1189 2699 ού
1209 2637 1270 2717 γάρ
1301 2630 1373 2698 ἐστι
1511 2657 1512 2726 γ

249 2732 378 2798 πιθανὸν
398 2737 442 2822 μή
470 2736 643 2818 βούλεσθαι
673 2739 723 2800 τὸν
752 2737 904 2824 δεσπότην
933 2733 1106 2820 ἐλεύθερον
1135 2735 1213 2801 εἰναι
1241 2735 1370 2814 ἐκεῖνον,

247 2837 284 2900 δν
306 2837 411 2922 ἑαυτῷ
434 2838 579 2928 διάδοχον
602 2837 801 2904 ἐσπούδασεν
825 2841 910 2921 εἶναι,
934 2839 1013 2905 ἀλλὰ
1040 2842 1144 2926 μένειν
1172 2838 1210 2906 ἐν
1240 2842 1372 2929 τήδου-

247 2940 325 3026 λείᾳ,
346 2939 467 3026 μηδένα
483 2943 518 3006 δὲ
535 2949 590 3030 τής
604 2941 703 3009 αὐτοῦ
718 2944 918 3030 κληρονομεῖν
941 2941 1054 3018 οὐσίας
1061 2945 1098 3026 ⁶).
1121 2945 1151 3008 3.
1168 2943 1206 3008 In
1221 2943 1369 3010 fraudem
1387 2955 1413 3009 a
1511 2943 1512 2950 ἰ

195 3063 229 3115 25
247 3043 284 3105 δὲ
299 3041 494 3108 creditorum
502 3045 527 3128 6)
543 3067 589 3120 τις
611 3049 678 3121 πῶς
697 3043 890 3130 ἐλευθεροῦν
913 3047 1008 3125 δοκεῖ,
1034 3044 1203 3128 ἀναγκαῖον
1231 3050 1371 3134 ζητῆσαι.

245 3147 294 3209 καί
316 3147 345 3210 οί
364 3145 423 3228 μὲν
446 3144 552 3230 ἔλεγον
574 3145 692 3214 ἐκεῖνον
714 3148 747 3212 in
775 3148 921 3214 fraudem
948 3149 1140 3215 creditorum
1175 3146 1371 3233 ἐλευθεροῦν

247 3249 298 3311 τὸν
322 3249 445 3314 πλείονα
467 3248 676 3336 ε’ποφείλοντα
698 3249 743 3314 ὦν
764 3251 915 3339 κέκτηται.
961 3253 989 3316 οί
1010 3251 1047 3314 δὲ
1073 3247 1193 3318 ἐκεῖνον
1221 3250 1251 3338 ᾦ
1270 3243 1370 3340 μηδὲν

246 3352 498 3434 περιλιμπάνεται
525 3355 606 3438 μετὰ
638 3355 692 3441 τήν
722 3357 783 3418 τῶν
806 3357 914 3440 χρεῶν
943 3349 1157 3439 ἐξαίρεσινῚ),
1191 3352 1227 3418 ού
1259 3356 1279 3442 ή
1311 3355 1370 3438 μὲν

246 3451 412 3532 ὑπόστασις
438 3458 458 3542 ή
483 3459 630 3541 παροῦσα
652 3454 883 3544 ἀποπληρῶσαι
906 3457 978 3532 τοδς
992 3456 1202 3539 creditoras8)
1225 3455 1369 3543 ἐξαρκεῖ,

193 3569 229 3623 ³0
244 3564 298 3641 τής
320 3557 355 3619 δὲ
378 3553 564 3643 ἐλευθερίας
586 3558 760 3646 διδομένης,
785 3561 950 3644 συμβαίνει
971 3560 1046 3634 τούς
1068 3559 1233 3636 δανειστὰς
1254 3557 1369 3626 ἀδικεῖ-

247 3657 321 3721 σθαι
343 3660 442 3745 τούτῳ
472 3660 518 3746 τῷ
549 3663 659 3748 τρόπῳ
688 3662 898 3749 παυομένηςί)
928 3661 1028 3729 αὐτοῦ
1057 3659 1113 3748 τῆς
1141 3662 1322 3746 περιουσίας
1330 3663 1368 3745 ¹⁰)

313 3828 335 3896 ¹)
352 3830 390 3898 μὴ
408 3845 486 3898 γεγρ.
504 3827 542 3883 ἔτ.
561 3829 593 3883 R.
715 3829 740 3889 ἰ)
758 3835 841 3884 τοῦτο
858 3831 913 3901 γὰρ
932 3834 981 3883 τοῦ
1005 3830 1091 3894 νόμου
1111 3831 1220 3902 [μέρος]
1238 3831 1271 3901 ἦν
1294 3830 1368 3898 μεγί-

244 3930 311 3982 στης
329 3915 500 3984 προμηθείας
517 3915 560 3968 uel
577 3916 694 3984 μεγίστη
712 3916 742 3968 δὲ
760 3918 777 3986 ή
801 3917 901 3970 τούτου
923 3917 1082 3988 προμήθεια
1099 3921 1147 3972 τοῦ
1171 3917 1254 3981 νόμου
1273 3915 1307 3984 ej.
1326 3915 1367 3981 R,

244 3997 291 4066 qui
306 3997 414 4066 ingenio
432 4015 481 4054 suo
498 4015 608 4068 prorsus
625 4000 756 4071 indulget.
876 4003 900 4069 ³)
918 4001 943 4055 d.
960 4003 1012 4056 11².
1131 4005 1155 4071 4)
1173 4002 1366 4071 διαπιπράσκι-

243 4099 289 4134 ται
306 4091 369 4138 ante
387 4084 419 4140 F.
526 4087 549 4150 ⁵)
567 4085 734 4155 κληρονόμον
753 4085 825 4140 εἰναι
841 4087 1001 4155 περιουσίας
1017 4087 1052 4141 R.
1158 4089 1183 4154 8)
1201 4087 1241 4148 εἰς
1256 4085 1366 4155 βλάβην

244 4170 301 4220 τῶν
320 4169 473 4223 δανειστῶν
492 4169 542 4223 L2.
561 4171 638 4224 infr.
657 4185 694 4225 cr.
713 4170 745 4225 R.
854 4173 877 4238 ⁷)
896 4171 965 4232 ύπεξ
981 4173 1012 4227 Ρ.
1029 4172 1063 4227 R
1164 4173 1188 4239 8)
1205 4174 1261 4232 τοῖς
1277 4171 1367 4240 κρεδί·

243 4268 339 4321 τορσιν
357 4253 387 4307 Ρ.
489 4255 512 4322 9)
529 4255 689 4325 μειουμένης
707 4254 738 4311 F.
841 4258 877 4324 10)
896 4257 939 4309 καί
955 4258 1113 4327 παυομένης
1129 4257 1161 4312 F.
