3078 4882
606 427 754 492 -203
799 462 838 476 -

163 614 278 697 igitur,
312 615 375 681 tria
402 613 590 698 inquirimus
622 620 782 698 tempora,
815 616 847 680 in
875 616 991 699 quihus
1018 617 1166 683 heredem
1194 621 1290 684 testu·

163 733 427 800 mentiiactionem
449 734 566 801 habere
585 739 719 817 oportet,
741 733 825 800 idest
852 733 969 802 conditi
998 735 1188 814 testamenti,
1211 753 1291 802 mor-

163 853 205 918 tis
233 852 397 919 testatoris
426 858 458 921 et
486 853 649 934 aditionis3
679 853 878 936 potissimum
915 859 1021 920 autem
1050 855 1167 922 conditi
1193 859 1290 922 testu·

163 973 261 1037 menti
284 977 316 1038 et
337 971 495 1038 editionis.
543 971 893 1039 testamentiiactionem
923 978 1028 1038 autem
1058 973 1176 1040 hahere
1197 974 1289 1042 intel·

161 1090 282 1174 legitur
303 1110 364 1157 nnn
387 1091 487 1158 solum
509 1092 563 1172 qui
585 1096 808 1158 testamentum
835 1089 938 1158 iacere
968 1092 1085 1172 possit,
1114 1100 1164 1158 set
1192 1094 1286 1159 etiam
1320 1109 1338 1160 s

162 1211 217 1294 qui
241 1231 278 1277 ex
302 1211 405 1278 alieno
428 1216 618 1277 testamento
640 1228 754 1292 rapere
776 1209 877 1293 possit
898 1209 993 1277 aliiue
1020 1228 1188 1292 quaerere,
1217 1210 1291 1278 licet

162 1332 231 1412 ipse
252 1334 474 1397 testamentum
496 1328 601 1396 iacere
622 1334 768 1412 nequeat.
808 1335 840 1396 et
861 1329 933 1395 ideo
956 1337 988 1396 et
1010 1329 1147 1396 furiosus
1170 1335 1202 1396 et
1225 1349 1291 1395 mu·

162 1455 214 1515 tus
237 1455 270 1514 et
292 1453 457 1531 postumus
481 1453 514 1514 et
533 1447 636 1515 inians
664 1453 696 1513 et
724 1446 941 1514 filiusfamilias
970 1456 1002 1514 et
1031 1467 1144 1515 seruus
1170 1448 1291 1515 adienus

161 1566 510 1634 testamentiiactionem
533 1567 650 1633 habere
673 1567 836 1634 dicuntur:
860 1566 934 1634 licet
956 1569 1038 1634 enim
1068 1573 1290 1636 testamentum

161 1685 265 1752 iacere
288 1705 349 1753 non
371 1691 514 1768 possunt,
536 1691 674 1752 attamen
697 1705 735 1752 er
757 1686 860 1754 alieno
883 1695 1072 1754 testamento
1089 1688 1141 1755 uel
1163 1687 1223 1755 sibi
1239 1688 1291 1756 uel
1312 1699 1344 1752 ιο

161 1806 234 1872 aliis
257 1805 426 1888 adquirere
448 1813 590 1889 possunt.
635 1806 719 1889 quod
749 1806 790 1873 de
817 1806 935 1874 iurioan
959 1808 1078 1874 dietum
1109 1815 1158 1874 est
1179 1809 1226 1874 ita
1247 1809 1292 1874 in·

163 1926 313 2007 tellegere
335 1931 469 2009 oportet,
493 1933 529 1993 ut
551 1946 570 1993 u
592 1933 683 2010 patre
705 1927 747 1993 sit
768 1927 952 2010 institutus3
975 1928 1016 1993 ab
1039 1935 1189 1995 extraneo
1211 1929 1292 1994 enim

162 2045 340 2125 institutus,
363 2045 462 2111 donee
484 2045 665 2126 resipuerit,
696 2064 753 2111 nec
783 2046 845 2111 sibi
870 2065 973 2129 neque
1001 2047 1056 2112 alii
1085 2048 1292 2114 hereditatem

119 2167 144 2218 δ·
163 2181 315 2246 quaerere
336 2164 461 2246 poterit.
496 2165 525 2229 5.
549 2165 698 2230 Extranei
721 2170 826 2231 autem
851 2166 982 2231 heredes
1004 2166 1099 2232 etiam
1123 2167 1292 2232 uoluntarii

163 2282 322 2362 dicuntur,
338 2300 408 2349 cum
425 2284 470 2349 eis
483 2283 677 2350 deliberandi
694 2289 834 2366 potestas
850 2286 892 2350 sit
908 2286 947 2351 de
962 2285 1108 2352 adeunda
1120 2261 1295 2350 hereditate
1316 2310 1347 2361 15

162 2403 215 2469 uel
236 2422 299 2469 non
322 2404 481 2470 adeunda:
510 2405 606 2470 ceteri
628 2404 797 2470 necessarii
825 2405 989 2482 dicuntur,
1019 2404 1093 2487 quia
1115 2402 1294 2470 necessario

163 2523 204 2588 ad
226 2522 436 2590 hereditatem
459 2530 622 2590 uocantur.
658 2525 814 2604 usquein
837 2543 874 2591 eo
896 2526 1114 2590 tantummodo
1138 2523 1295 2599 differunt,

161 2647 211 2706 set
231 2641 266 2706 in
287 2640 341 2706 illo
364 2643 470 2722 etiam,
493 2643 577 2724 quud
603 2642 790 2709 hereditatis
806 2643 976 2724 adquisitio
997 2643 1030 2707 in
1047 2646 1196 2709 extraneo
1219 2641 1296 2707 adi·

163 2761 220 2834 tio
245 2766 392 2840 uocatur,
423 2762 455 2827 in
483 2762 668 2828 necessariis
698 2781 775 2829 uero
805 2761 1016 2845 immixti03
1051 2768 1084 2828 et
1109 2761 1295 2827 hereditatis

166 2879 296 2946 reiectio
317 2880 351 2945 in
373 2887 521 2946 extraneo
543 2881 774 2960 repudiatio
798 2880 922 2960 dicitur,
947 2881 978 2946 in
995 2879 1173 2948 necessario
1189 2884 1294 2946 autem
1313 2895 1349 2948 20

164 3001 381 3065 abstentis.
427 3019 537 3066 nerum
560 2999 720 3066 enimuero
743 3005 911 3067 extraneus
939 3001 993 3084 qui
1021 2998 1239 3082 repudiauerit
1265 3000 1297 3063 in

165 3138 202 3186 ea
224 3120 403 3186 conditione
426 3127 474 3186 est
495 3138 533 3186 ac
555 3119 583 3185 si
614 3139 773 3202 nunquam
801 3120 915 3186 inisset
943 3121 983 3186 ad
1013 3119 1219 3186 hereditatem
1243 3135 1297 3183 uo·

165 3245 264 3318 catus,
294 3257 370 3305 suus
392 3244 499 3305 autem
528 3246 561 3306 et
589 3241 785 3306 necessarius
813 3240 904 3305 heres
932 3239 961 3304 si
990 3237 1196 3314 abstinuerit,
1227 3253 1297 3301 eum

167 3359 275 3425 statim
296 3363 523 3441 postmortem
546 3359 646 3440 patris
673 3359 764 3426 heres
794 3357 951 3436 extiterit,
981 3354 1184 3422 nihilominus
1211 3353 1297 3420 here·
1315 3369 1350 3420 as

165 3477 214 3543 dis
236 3495 349 3544 nomen
372 3478 502 3544 retinet:
526 3479 652 3559 saepius
680 3479 762 3544 enim
792 3477 928 3543 diximus
956 3476 1080 3542 heredis
1109 3492 1223 3540 nomen
1252 3489 1299 3538 se·

166 3595 227 3662 mel
250 3597 343 3664 alicui
365 3597 544 3677 quaesitum
566 3596 651 3662 haud
679 3595 770 3664 facile
798 3597 830 3660 in
860 3596 955 3662 alium
986 3595 1143 3662 transire:
1174 3598 1302 3675 praetor
