3022 4884
569 462 610 480 ..
659 426 806 514 us...

127 609 275 688 dictione,
301 609 337 682 td
361 610 475 682 bone-
491 609 565 680 fidei
589 615 792 695 consumptio
814 612 921 681 luctet
974 613 1075 682 oritur
1101 615 1185 682 enim
1214 622 1247 684 ot

123 729 196 795 indo
218 729 383 800 condictio
426 730 503 812 quid
532 737 638 798 summ
665 733 744 798 iuris
772 736 821 798 est
842 733 875 798 si
901 747 940 798 or
970 732 1129 800 contrarie
1151 734 1248 802 -dedtt

122 846 195 928 quis
216 867 285 914 rem
306 847 426 931 pupillo
447 847 516 915 sine
537 850 652 915 tutoris
674 849 886 917 auctoritate?
912 851 1056 918 dominus
1083 850 1120 918 fit
1147 849 1247 936 pupil-

121 966 186 1048 lus;
208 964 416 1047 nequeenim
438 966 595 1034 obstatei
623 966 674 1034 ius
701 985 764 1049 quo
786 968 889 1035 minus
911 971 1131 1050 patrimonium
1154 989 1246 1037 snum

122 1093 248 1167 augeat,
271 1085 417 1169 quamuis
439 1086 508 1153 sine
528 1091 649 1154 tutores
671 1089 868 1156 auronum.
917 1089 992 1173 qnid
1021 1087 1120 1172 igitur
1142 1090 1169 1154 si
1193 1090 1246 1156 de·
1280 1088 1301 1141 ὗ

122 1204 206 1272 bitor
228 1203 339 1292 pupilli
357 1206 462 1276 cidem
484 1205 603 1290 pupillo
633 1205 774 1274 debitum
803 1205 928 1274 soluat?
957 1207 1117 1276 domiuum
1143 1206 1246 1290 pupil-

121 1323 185 1390 lum
208 1324 361 1406 munuc
380 1325 505 1393 solutce
526 1324 595 1392 fieri
613 1332 756 1402 emotum
783 1344 827 1392 un
851 1331 883 1392 et
910 1325 1034 1393 debitor
1050 1326 1246 1408 obligatione

119 1441 330 1510 liberabitur?
354 1451 386 1510 ct
408 1445 508 1528 magis
529 1449 579 1511 est
600 1449 636 1510 ut
658 1461 817 1528 negemus.
835 1445 866 1510 si
887 1445 971 1512 enim
993 1445 1168 1512 diceremus
1192 1444 1245 1513 dc·

120 1561 256 1630 bitorem
275 1561 415 1644 liberari,
438 1562 574 1651 pupillus
595 1563 816 1646 obligationem
837 1563 976 1632 alienare
1002 1564 1177 1643 uideretur,
1207 1579 1244 1630 eo
1287 1566 1289 1574 ’

121 1683 204 1764 quod
239 1683 381 1748 debitum
415 1683 483 1748 sine
517 1681 633 1748 tutoris
661 1683 850 1751 cucmritcte
880 1681 1015 1767 recipe,
1044 1683 1139 1768 idque
1168 1683 1299 1749 ueti=10

121 1806 188 1864 tum
211 1807 272 1866 est
317 1801 425 1884 itaque
446 1800 478 1865 in
508 1799 607 1866 debiti
634 1798 789 1867 solutione
816 1801 930 1868 tutoris
957 1820 1127 1869 consensus
1157 1795 1242 1868 edhi-

119 1918 242 1988 bendus
273 1923 337 1994 ests
369 1918 509 1988 sienim
538 1924 649 1988 contro
675 1919 744 1986 eius
770 1918 967 1988 uoluntatem
994 1921 1153 2003 sciuntur,
1181 1940 1242 1988 non

118 2037 273 2104 liberetur
304 2037 438 2107 debitor.
491 2038 587 2122 idque
618 2039 858 2116 euidentissime
891 2040 1113 2107 comtitutions
1142 2040 1244 2123 piissi-

120 2174 189 2223 mus
211 2158 358 2240 princeps
379 2165 488 2224 noster
508 2158 622 2238 sanxit,
644 2159 801 2242 quomod
823 2158 1050 2226 Ouesursonses
1072 2159 1242 2226 mucosum

119 2294 155 2340 cx
186 2276 390 2358 suggestione
415 2275 603 2344 ‘l'ribuniani
630 2277 691 2343 uiri
723 2276 960 2344 eminentissimi
989 2274 1165 2359 quaestoris
1193 2273 1240 2344 re-
1263 2287 1294 2338 io

118 2395 264 2478 scripsit,
292 2411 355 2476 qus
377 2395 536 2478 disposuit
556 2395 733 2464 debitorem
762 2395 871 2480 pnpilli
898 2396 996 2463 tutori
1022 2396 1074 2463 uel
1104 2397 1242 2463 curatori

119 2513 184 2578 eius
209 2514 284 2596 (scis
306 2515 387 2580 enim
409 2513 507 2580 etism
527 2515 687 2604 pupillum
702 2517 863 2584 inondum
880 2515 912 2584 in
927 2533 1004 2582 curs
1019 2516 1101 2598 esse)
1116 2515 1161 2582 ito
1183 2516 1241 2582 sol-

118 2651 193 2700 uere
223 2625 355 2712 dobere.
383 2638 420 2706 ut
441 2632 529 2718 prius
556 2633 712 2702 sententio
739 2633 896 2704 iudeis&
921 2633 990 2702 sino
1016 2633 1080 2700 ullu
1101 2634 1243 2715 impenso

119 2747 279 2818 celebrato
311 2752 475 2834 permittat
501 2749 688 2820 solutionem
718 2749 798 2820 fieri.
853 2769 915 2834 quo
943 2751 1127 2831 subsecuto,
1154 2751 1242 2820 siet

117 2869 212 2936 iudex
232 2871 487 2953 pronunlisuerit
507 2878 540 2940 et
562 2872 685 2942 debitor
710 2871 854 2952 soluerit,
879 2887 1012 2940 securus
1034 2871 1158 2939 debitor
1178 2872 1242 2938 erit
1258 2887 1294 2940 20

117 2993 228 3071 utpote
251 2991 358 3056 debito
379 2989 541 3058 liberatus.
585 2973 765 3056 sin'sutem
791 2996 902 3057 contru
926 2989 1100 3073 praelatum
1127 2991 1241 3057 consti·

116 3109 271 3175 tutionem
294 3109 391 3176 debiti
413 3108 614 3187 solsticium,
638 3128 729 3176 resne
751 3109 873 3176 solutos
895 3110 980 3193 apud
1006 3110 1157 3196 pupillum
1179 3110 1241 3175 ssl-

115 3244 173 3293 uoo
184 3229 366 3303 manserint
382 3226 434 3294 uel
448 3229 526 3296 hoec
540 3227 947 3323 accipiensoonsnmpserit,
962 3231 995 3296 ot
1009 3229 1084 3296 inde
1097 3227 1158 3294 sibi
1172 3227 1241 3308 ipso

117 3346 165 3410 uel
193 3347 382 3428 patrimonio
405 3364 462 3414 suo
491 3348 686 3415 commodum
714 3349 888 3432 quassent,
915 3347 1010 3430 (forte
1036 3346 1117 3414 onim
1146 3345 1240 3412 sedes

117 3464 325 3544 restaurouit,
348 3465 400 3534 uel
422 3465 638 3560 fundos'suos
667 3467 859 3534 commodius
886 3464 1038 3544 excoluit,
1062 3465 1113 3531 uel
1141 3463 1240 3546 mogi·
1256 3469 1291 3522 so

116 3584 190 3649 stris
213 3585 388 3651 mercedem
411 3584 573 3667 impendit,
595 3586 648 3652 uel
673 3585 881 3652 creditoribus
907 3583 973 3650 suis
1001 3583 1110 3667 soluit)
1132 3581 1240 3650 nihilo
