3038 4884
570 425 782 492 ...50-

121 629 198 692 qnae
219 611 341 694 species
364 612 541 695 adoptionis
572 612 688 680 dicitnr
714 611 934 694 adrogatio.
977 611 1108 695 imperio
1134 613 1241 677 anum

121 729 358 811 magistratuum
381 749 435 798 eos
463 749 559 798 easue
585 731 737 814 cooptare
764 729 852 810 iicet,
881 729 936 815 qui
962 749 1084 814 quaene
1108 728 1139 797 in
1164 730 1242 797 alio·

121 865 186 913 rum
218 855 377 930 potestate
405 858 492 930 sunt,
529 850 598 916 siue
625 851 759 934 primum
789 849 872 931 apud
902 849 1062 916 naturales
1092 853 1240 932 parentes

121 966 250 1048 gradum
275 968 448 1050 optineant
472 967 574 1034 ueluti
597 966 679 1034 filius
702 970 753 1034 uel
775 965 855 1046 iilia,
878 968 947 1034 siue
975 965 1164 1045 inferiorem,
1187 985 1240 1034 ue-

122 1084 175 1150 luti
201 1105 302 1167 nepos
335 1087 438 1168 neptis
473 1104 632 1168 pronepos
664 1087 835 1171 proneptis.
883 1087 916 1152 id
943 1089 1050 1154 autem
1077 1085 1240 1170 adoptio
1273 1095 1291 1146 5

83 1217 105 1268 a.
120 1203 231 1270 dicitur
252 1211 321 1270 tum
343 1206 531 1286 generatim,
553 1211 621 1272 tuna
641 1203 827 1289 specialiter.
872 1205 902 1268 2.
934 1203 991 1271 Set
1018 1204 1091 1270 olim
1113 1204 1239 1287 quidem

118 1322 227 1389 licebat
261 1326 406 1404 quemuis
440 1330 622 1391 musaeum
656 1323 888 1389 filiumfamilias
923 1322 1095 1405 adoptare,
1128 1323 1239 1404 iusque

116 1443 280 1523 potestatis
301 1442 473 1508 anatnrali
487 1449 578 1524 patre
592 1442 625 1509 iu
641 1441 824 1525 adoptiuum
846 1441 1011 1508 transibat.
1043 1439 1137 1507 hodie
1159 1459 1234 1507 uero

117 1561 299 1626 wosdtutio
322 1559 458 1643 piissimi
481 1562 631 1643 principis
652 1560 753 1628 nostri
769 1559 840 1632 lata
854 1568 911 1640 est,
934 1579 996 1642 qua
1011 1567 1153 1639 cauetur,
1168 1578 1239 1626 cum

117 1680 182 1759 quis
204 1677 445 1746 filiumfamilias
474 1680 687 1763 adoptandum
714 1680 880 1761 suscipiat,
908 1699 947 1745 ne
974 1680 1045 1745 iura
1072 1679 1238 1764 potestatis
1258 1694 1290 1746 10

116 1797 270 1862 naturalis
291 1797 392 1880 patris
415 1797 639 1876 dissoluantur,
662 1817 719 1864 nec
733 1798 904 1882 quidquam
923 1799 964 1864 ad
980 1798 1163 1880 adoptiuum
1185 1815 1238 1880 pa·

117 1923 193 1981 uem
216 1923 371 1994 transeat,
394 1935 495 1998 neque
517 1918 549 1981 in
573 1918 639 1984 eius
671 1921 831 1999 potestate
859 1915 943 1982 iilius
969 1915 1137 1995 efficiatur,
1165 1916 1238 1983 licet

117 2035 153 2100 ab
173 2036 327 2101 intestato
349 2037 422 2102 inre
443 2038 649 2103 successionis
670 2038 702 2102 in
725 2036 793 2104 eius
820 2037 917 2114 bona,
945 2038 999 2123 qui
1027 2035 1115 2102 illurn
1141 2035 1238 2116 adop·
1276 2049 1279 2056 ·

115 2155 240 2233 oderit,
266 2156 374 2220 cadem
397 2155 580 2221 constitutio
602 2157 631 2221 ci
660 2155 860 2222 concesserit.
904 2155 932 2219 si
960 2173 1036 2222 uero
1062 2157 1155 2238 pater
1183 2169 1237 2218 na-

117 2273 223 2339 turalis
248 2291 312 2339 non
335 2280 484 2340 extraneo
507 2280 556 2340 set
577 2292 686 2342 socero
715 2293 772 2341 suo
798 2274 882 2341 hunc
910 2272 1122 2354 adoptandum
1144 2271 1237 2337 dede-
1256 2279 1289 2331 ln

115 2391 167 2469 rit,
190 2392 247 2474 qni
271 2391 300 2458 ei
322 2411 403 2458 auus
425 2390 520 2460 fuerit
542 2399 718 2468 maternus;
746 2393 846 2460 nelei
873 2393 957 2473 quia,
987 2399 1024 2458 ut
1051 2391 1120 2458 fieri
1146 2391 1235 2468 nolet,

116 2511 328 2594 emancipatus
349 2511 460 2590 fuerit,
491 2513 604 2579 deinde
626 2531 696 2578 cum
722 2512 822 2580 filium
849 2511 1008 2594 genuerit,
1031 2529 1088 2576 auo
1110 2510 1236 2593 quidem

115 2629 208 2708 patri,
242 2649 305 2696 auo
337 2638 442 2697 auteur
475 2633 566 2713 pueri
597 2638 729 2713 paterno
761 2650 833 2698 euna
866 2631 989 2698 dederit
1023 2631 1056 2695 in
1095 2629 1237 2710 adoptio·

115 2765 202 2826 nem,
237 2748 273 2813 in
302 2750 456 2814 dusinodi
477 2750 619 2829 omibus,
651 2751 725 2832 qnia
746 2751 778 2815 in
802 2767 894 2816 unam
917 2751 1109 2833 eandemque
1130 2764 1237 2831 perso·

116 2883 182 2931 nam
211 2866 386 2942 naturalia,
414 2863 498 2934 idest
525 2887 607 2952 quae
628 2887 667 2933 ex
692 2869 894 2951 generatione
913 2868 1117 2951 proueniunt,
1139 2874 1235 2952 atque
1252 2874 1287 2927 20

116 2984 290 3069 adoptionis
313 2988 382 3051 iura
404 2993 603 3067 concurrunt,
626 2987 737 3070 procul
759 2988 854 3054 dubio
876 3005 955 3068 puer·
970 2989 1001 3052 in
1017 2985 1158 3070 adoptiui
1181 3005 1236 3069 pa·

115 3104 168 3169 tris
189 3111 350 3187 potestate
378 3103 532 3173 efficietur
558 3125 629 3172 cum
656 3109 684 3172 ei
718 3111 751 3173 et
777 3106 916 3172 naturali
945 3112 977 3174 et
1004 3105 1145 3190 legitimo
1168 3105 1235 3171 niu·

80 3223 180 3288 &culo
195 3225 372 3304 copuletur,
394 3224 525 3306 eiusque
540 3225 596 3292 fiet
610 3225 748 3292 familiae
764 3231 797 3291 et
811 3226 986 3307 potestatis.
1009 3226 1039 3288 3.
1054 3223 1165 3290 Plures
1180 3223 1235 3306 igi·

116 3344 164 3404 tur
177 3350 254 3407 sunt
268 3345 352 3409 inter
365 3345 600 3426 adrogationem
617 3351 650 3412 et
664 3346 862 3429 adoptionem
878 3343 1081 3411 differentiae.
1115 3341 1158 3410 iit
1172 3343 1235 3426 pri-
