3078 4882
701 419 934 484 -157-

252 601 343 668 τοῦτο
365 601 403 667 δέ
424 602 519 669 αὐτοῦ
540 607 584 692 μη
607 607 807 694 ποιήσαντος,
827 607 945 694 ἀνάγκη
975 609 1039 682 τοῖς
1062 609 1202 692 μάρτυσι
1227 605 1381 690 λέγεσθαι

252 707 288 768 τδ
307 709 363 770 τσῦ
386 707 580 793 κληρονόμου
603 705 702 790 ὄνομα
723 710 772 772 καί
794 711 901 786 ἁπλῶς
922 709 1021 774 πάντα
1037 707 1087 774 δεῖ
1100 707 1283 793 προβαίνειν
1298 709 1381 776 κατὰ

252 808 290 872 τδι
313 804 459 895 εἰρημένα
481 809 559 896 αὐτῇ
581 808 654 898 θείᾳ
663 811 687 888 Ι)
711 811 859 884 διατάξει
904 815 933 876 5.
968 807 1122 898 1λἘπειδή
1145 810 1182 874 δὲ
1205 810 1377 898 εἰρήκαμεν
1395 829 1421 879 5.

251 910 324 988 τοὺς
343 911 509 996 μάρτυρας
525 915 639 999 χρῆναι
661 912 837 998 σφραγῖδας
866 912 1051 993 ἐπιτιθέναι,
1081 913 1217 998 ὀφείλεις
1247 911 1380 994 εἰδέναι,

217 1013 298 1088 ηδτι
319 1013 367 1077 καί
392 1011 436 1077 ένί
465 1014 616 1100 δακτυλίῳ
644 1013 820 1096 δύνανταιί)
851 1016 1033 1101 σφραγίζειν
1067 1016 1121 1102 τήν
1150 1013 1303 1102 διαθήκην
1333 1016 1381 1098 (τί

251 1117 313 1202 γάρ
335 1117 381 1180 δτι
403 1115 479 1181 έπτα
499 1117 588 1202 μέν’)
609 1118 771 1203 μάρτυρες
793 1117 875 1206 εξγον
898 1117 1085 1196 δακτυλίους,
1107 1122 1181 1203 μιᾶς
1201 1116 1237 1180 δὲ
1252 1120 1377 1204 γλυφῆς

253 1217 330 1300 ήσαν
353 1220 381 1281 οἰ
401 1219 487 1300 ἑπτὰ,
511 1219 664 1285 τουτέστιν
687 1221 742 1286 ἕνα
770 1224 893 1285 καὶτὸν
922 1221 1015 1285 αθτδν
1043 1221 1125 1309 εἶχον
1150 1225 1339 1309 χαρακτῆρα
1351 1221 1376 1304 ;)

253 1321 330 1404 ὡς’)
354 1329 399 1407 τῷ
416 1320 600 1408 Ροῐαρουίῳ
627 1323 721 1388 δοκεῖ.
771 1327 819 1388 καλ
850 1325 1002 1409 ἀλλοτρίῳ
1031 1324 1068 1388 δὲ
1097 1323 1250 1408 δακτυλίῳ
1274 1321 1378 1396 ἔξεστι

140 1438 142 1443 ’
252 1426 441 1511 σφραγίζειν.
486 1427 515 1490 6.
550 1425 674 1491 Ἐκεῖνοι
695 1429 774 1511 πρὸς
793 1427 968 1512 μαρτυρίαν
994 1425 1298 1513 παραλαμβάνεσθαι
1321 1425 1377 1490 δύ·
1396 1451 1422 1504 ς,

205 1556 236 1608 1⁰
254 1551 367 1607 νανται,
395 1527 473 1610 μεθ’
503 1528 547 1592 ὧν
570 1527 681 1618 ἔχομεν
709 1529 1046 1608 ἰεείαατευίίίααίίοαα,
1078 1527 1237 1594 τουτέστιν
1268 1527 1380 1604 οἵτινες

254 1632 309 1716 ὑφ’
343 1633 431 1718 ήμῶν
469 1631 613 1696 δύνανται
650 1631 830 1716 γράφεσθαι
867 1632 1050 1720 κληρονόμοι
1059 1633 1084 1713 ⁵)
1119 1632 1200 1715 καλέ)
1243 1633 1379 1718 γράφειν

253 1733 345 1820 ήμᾶς.
390 1734 445 1798 εἰσί
467 1733 504 1799 δέ
527 1757 608 1810 τινες
630 1736 787 1808 παντελῶς
809 1733 981 1819 εἰργόμενοι
1006 1734 1093 1820 τής7)
1121 1733 1154 1796 ἐν
1178 1729 1378 1818 διαθήκαιςθ)

252 1837 446 1922 μαρτυρίαις,
470 1837 534 1900 οἷον
556 1837 631 1923 γυνὴ
654 1836 773 1923 ἄνηβος
800 1835 920 1922 οἰκέτης
952 1835 1066 1909 ἅλαλος
1094 1837 1203 1920 κωφὸς
1230 1835 1376 1920 μαινόμε-

256 1959 309 2013 νος
330 1937 483 2022 ίίσωτοςί)
507 1937 608 2003 ἔτιδὲ
638 1941 686 2002 καλ
713 1941 730 2002 θ
757 1938 922 2021 improbus
950 1936 1216 2020 intestabilisque.
1270 1937 1315 2012 τίς
1342 1936 1380 1998 δέ

207 2067 237 2118 15
255 2038 347 2115 οὗτός
372 2040 509 2122 ἐστινςῧ)
541 2041 605 2104 οἷον
633 2039 850 2124 διατιθεμένου
859 2041 897 2124 ¹⁰)
933 2042 1025 2119 τινὸς,
1056 2039 1172 2127 ἐκλήθη
1200 2038 1301 2104 Ήῆοε
1330 2038 1380 2102 ἐπὶ

254 2142 444 2228 μαρτυρίαν·
475 2143 692 2231 ἐμοῳτύρησε,
722 2142 879 2208 τουτέστιν
908 2142 1087 2228 ὑπέγραψεν
1116 2143 1150 2206 ἐν
1179 2164 1216 2227 τη
1242 2139 1380 2228 διαθήκη

257 2247 304 2308 καί
330 2244 527 2331 ἐσφράγισεν.
580 2248 822 2334 τελευτήσαντος
853 2250 905 2310 τοῦ
935 2246 1127 2320 ίεείέίοτοε,
1157 2246 1213 2311 οὐκ
1241 2243 1381 2332 ήθέλησε

257 2346 491 2433 παραγενέσθαι
518 2351 568 2412 καὶ
594 2355 791 2436 μαρτυρήσαι
818 2351 864 2413 δτι
886 2347 981 2413 αὐτοῦ
1003 2349 1083 2413 ἐστιν
1106 2350 1126 2434 ή
1149 2370 1182 2411 τε
1209 2347 1381 2433 ὑπογραφὴ

256 2451 305 2514 καὶ
326 2451 346 2536 ή
368 2449 513 2535 σφραγίς.
538 2450 680 2535 ’μισοῦσι
701 2453 755 2515 τὸν
783 2449 921 2515 τοιοῦτον
951 2453 979 2515 οἱ
1011 2450 1096 2533 νόμοι
1125 2453 1172 2513 καὶ
1202 2449 1258 2513 οὐκ
1285 2449 1380 2512 ἐῶσιν

205 2593 240 2646 20
257 2555 352 2619 αὐτὸν
375 2553 483 2637 λαβεῖν
506 2577 533 2617 τι
555 2555 595 2627 ἐξ
613 2555 777 2640 ἀλλοτρίας
798 2554 950 2641 διαθήκης
972 2552 1046 2619 οὐδὲ
1059 2552 1198 2617 διδόασιν
1214 2549 1302 2637 αὐτῷ
1323 2549 1380 2614 τοῦ

257 2655 453 2722 διατίθεσθαι
474 2658 647 2743 παρρησίαν
670 2656 745 2722 οὐδὲ
767 2655 977 2744 συγχωροῦσιν
1005 2656 1091 2742 αὐτῷ
1116 2657 1290 2739 μαρτυρεῖν
1313 2653 1381 2718 ἑτέ-

254 2781 316 2844 ρου
339 2758 566 2844 διατιθεμένου.
611 2758 733 2842 λέγεται
754 2758 855 2841 abun)
885 2760 903 2822 ὁ
932 2755 1072 2832 τοιοῦτος
1101 2757 1267 2839 improbus
1297 2757 1380 2822 Into-

257 2859 392 2926 stabiliS.
437 2863 467 2924 7.
500 2865 525 2926 ⁰)
543 2861 574 2926 ίί
593 2860 648 2925 οὖν
670 2861 768 2942 Iken)
797 2862 841 2937 εἷς
868 2861 930 2926 τῶν
956 2861 1224 2947 μαρτυρησάντων
1254 2861 1377 2946 τῇδια·
1398 2882 1423 2934 τ,

256 2963 338 3052 θήκη
362 2964 438 3026 κατὰ
456 2963 515 3046 μέν
538 2962 591 3027 τὸν
619 2963 724 3051 καιρὸν
746 2969 804 3050 -τής
832 2963 983 3051 διαθήκης
1009 2963 1180 3048 ἐλεύθερος
1208 2962 1378 3048 ἐνομίζετο,

206 3103 239 3155 25
258 3065 354 3151 ὤφθη
377 3065 413 3129 δὲ
432 3068 512 3151 μετὰ
536 3071 630 3131 ταῦτα
657 3067 784 3146 δυῦλυς;
808 3067 1012 3153 σκοπήσομεν
1036 3066 1063 3129 εἰ
1085 3063 1276 3148 ἐντεῦθενῑί)
1308 3065 1379 3128 ἀκυ-

254 3172 365 3254 ροῦται
386 3169 405 3257 ή
430 3168 571 3256 διαθήκη,
593 3169 700 3257 ἐπειδή
723 3167 843 3249 δοῦλος,
867 3169 913 3244 ὣς
942 3169 1075 3256 εἴρηται,
1103 3169 1275 3232 κεκώλυται
1300 3191 1381 3253 μαρ-

256 3275 367 3358 τυρεῖν.
412 3270 528 3359 ταύτης
549 3270 604 3335 οὖν
627 3269 722 3360 οὔσης
750 3275 803 3358 τῆς
826 3270 1023 3356 ἀμφιβολίας,
1052 3269 1163 3352 γέγονε
1192 3269 1380 3357 προτέραῑί)

327 3529 350 3594 1)
366 3527 391 3580 d.
409 3526 451 3580 vi.
469 3527 514 3582 R:
536 3526 657 3596 δακτύλῳ
674 3525 719 3581 hic
736 3533 764 3580 et
782 3526 868 3581 deinc.
887 3527 938 3581 Lss.
1110 3525 1133 3593 1)
1153 3543 1250 3578 -αται
1266 3525 1309 3580 VI
1329 3524 1378 3578 F1.

257 3614 279 3680 ³)
299 3615 326 3667 οἱ
343 3601 411 3676 Cu.
429 3612 470 3667 vi.
490 3612 521 3666 F.
623 3611 794 3679 4)1a=9‹2vi.
814 3610 846 3665 R.
949 3608 1204 3678 ⁵)1I.7p.vi.st
1276 3611 1301 3678 1)
1318 3609 1377 3680 plu-

257 3713 302 3753 res
319 3699 352 3754 do
369 3699 387 3767 ἢ
405 3713 452 3752 seu
469 3700 487 3768 λ)
504 3699 548 3750 καί
565 3697 599 3766 ej.
752 3699 776 3765 1)
794 3699 854 3757 ταῖς
872 3713 948 3757 -αις
964 3696 1003 3753 Μ.
1156 3696 1265 3766 11)-πη
1285 3695 1327 3749 vi.
1345 3694 1378 3750 R

258 3785 281 3850 ἰ)
298 3783 400 3854 οἰκέτης
416 3782 443 3837 h.
461 3782 478 3836 I.
497 3783 539 3838 vi.
558 3783 590 3840 R.
700 3785 736 3850 1⁰)
753 3783 824 3835 διαθ.
843 3781 884 3836 vi.
905 3781 938 3836 R.
1059 3782 1095 3848 11)
1113 3781 1145 3834 δί
1161 3779 1205 3835 vi.
1222 3778 1268 3835 R:
1286 3780 1317 3832 δὲ
1334 3781 1379 3832 διὰ

258 3867 340 3922 τοῦτο
357 3868 406 3922 Lss.
543 3867 578 3936 11)
596 3867 649 3923 II:
666 3874 717 3925 cot.
737 3869 788 3924 ὅτι.
913 3867 948 3933 1³)
966 3867 992 3921 d.
1009 3867 1053 3922 vi.
1070 3867 1101 3922 R
1227 3867 1264 3933 ¹⁴)
1281 3866 1379 3935 προτέ-

258 3969 311 4022 ρου
329 3953 371 4008 vi.
390 3952 422 4007 R.

327 4057 355 4122 α)
372 4054 463 4108 Harm.
482 4053 541 4109 eod.
558 4055 619 4123 Epi.
637 4058 679 4120 39,
697 4059 723 4111 5.
834 4054 863 4120 b)
882 4053 921 4108 cf.
940 4052 1060 4108 scholion
1077 4052 1140 4106 Bas.
1156 4052 1204 4122 (II,
1221 4055 1291 4119 897).
1310 4051 1379 4120 Epa.

262 4144 301 4205 12,
321 4143 359 4194 15.
377 4137 471 4194 Proch.
489 4141 532 4202 27,
550 4142 592 4194 32.
638 4139 679 4195 cf.
696 4139 762 4196 Tab.
779 4139 847 4195 VIII
866 4143 900 4194 22
917 4138 1008 4194 Scholl
1026 4169 1058 4180 -
1076 4136 1191 4194 Rendic„
1215 4137 1263 4193 Ist.
1282 4137 1377 4192 Lomb.

258 4224 323 4282 XVI
333 4227 376 4282 57.
478 4229 505 4292 ο)
522 4225 562 4279 cf.
580 4224 662 4281 schol.
678 4225 715 4282 ἰὰ
