3078 4882
598 428 830 492 -172-

155 616 259 692 potem
281 611 333 677 uel
354 619 557 695 pronepotem
579 632 641 680 nou
663 613 756 680 aliter
771 615 955 682 exheredari
969 615 1088 699 placuit
1108 635 1202 700 quem
1224 635 1279 684 uo·

154 729 306 796 minutim.
333 736 382 796 set
404 729 496 814 quuls
518 749 631 798 nomon
653 733 692 799 de
715 750 753 799 eo
774 736 828 817 qui
849 737 987 802 nondum
1010 741 1103 802 notus
1125 741 1175 803 sst
1188 755 1274 818 proe-

153 849 251 916 dicuri
272 848 400 931 potest?
421 851 480 917 hoc
501 852 594 918 modo
622 871 694 918 sum
724 851 901 934 significare
926 871 1096 935 possumus
1123 854 1276 924 diceutes:

154 970 392 1051 quicumque
415 970 511 1035 mihi
533 967 650 1037 iilius
673 967 834 1054 genitus
856 971 983 1038 fuerit
1005 973 1169 1040 exheres
1185 979 1277 1043 esto.

153 1089 206 1155 uel
233 1090 295 1155 itu:
323 1089 557 1173 quicumque
584 1091 677 1158 mihi
706 1110 749 1157 ex
782 1092 852 1158 hoc
887 1109 1017 1160 uxore,
1044 1112 1127 1160 meu
1160 1101 1277 1162 notus
1312 1102 1329 1154 o

111 1207 133 1258 2.
152 1209 280 1276 fuerit
302 1212 468 1278 exheres
491 1219 585 1278 esto.
609 1212 639 1276 2.
663 1211 744 1279 Sunt
765 1212 846 1278 oliae
867 1227 991 1292 quoquc
1013 1230 1173 1294 personae,
1196 1229 1279 1294 quoe

151 1336 374 1412 postumorum
395 1331 463 1396 loco
485 1337 569 1406 suut,
591 1347 673 1412 quoe
694 1332 726 1396 iu
741 1333 790 1398 sui
805 1332 930 1398 heredis
946 1331 1063 1399 mortui
1086 1329 1188 1399 locum
1210 1349 1278 1400 suc-

151 1449 300 1516 cedentes
325 1449 376 1514 sui
403 1449 534 1514 heredes
563 1447 652 1515 fiunt
697 1457 733 1517 ut
755 1469 836 1532 occe,
857 1448 956 1516 filium
983 1451 1015 1516 in
1044 1455 1201 1533 potestate
1224 1451 1278 1517 ho·

151 1570 266 1635 behem
288 1575 383 1649 utque
409 1587 447 1634 ex
475 1588 512 1634 eo
541 1576 687 1650 nepotem
720 1576 894 1650 neptemue.
951 1575 1000 1636 set
1032 1569 1116 1636 filius
1149 1571 1276 1651 quidem

151 1706 230 1754 suus
254 1696 332 1766 erut,
355 1706 427 1754 cum
450 1707 542 1755 nemo
565 1707 638 1756 eum
660 1690 878 1772 praecederet3
900 1707 997 1774 nepos
1012 1697 1118 1756 sutem
1134 1693 1278 1773 neptisue
1297 1702 1330 1754 ro

151 1809 185 1873 iu
208 1812 365 1889 potestate
387 1815 494 1889 erent,
522 1815 572 1875 set
596 1827 666 1874 cum
693 1827 713 1874 u
740 1809 867 1891 proprio
895 1814 986 1891 putre
1013 1809 1278 1892 praecederentur

151 1931 203 1994 sui
225 1929 357 1995 heredes
379 1947 448 1996 esse
470 1947 532 1994 nou
547 1932 701 2010 poterent.
725 1933 947 1994 testamentum
962 1947 1031 1996 cum
1047 1927 1160 1996 faciem
1174 1927 1278 1998 cuius·

151 2069 225 2118 nsm
247 2068 353 2117 curum
376 2067 487 2130 gerere
509 2047 630 2116 debeo?
651 2048 744 2114 huius
766 2047 831 2126 filii,
855 2056 891 2114 ut
911 2039 1016 2131 putet3
1038 2066 1173 2132 eumque
1188 2050 1276 2116 herc-

152 2172 224 2235 dem
257 2169 422 2234 instituere
455 2168 505 2234 uel
538 2167 724 2235 exheredem
755 2167 867 2235 fecere.
919 2185 994 2234 num
1026 2171 1121 2235 etiem
1155 2167 1277 2250 nopotis

150 2283 319 2368 neptisue?
341 2287 527 2352 nullomodo.
552 2302 623 2352 nom
645 2303 716 2352 cum
737 2287 786 2351 sui
808 2286 940 2352 heredes
962 2304 1024 2353 nou
1043 2287 1115 2366 sint,
1138 2285 1167 2351 si
1185 2305 1275 2369 prse-
1296 2293 1327 2344 15

150 2410 325 2482 tereontur,
346 2421 446 2484 neque
468 2405 536 2486 ipso
558 2406 627 2470 iure
653 2405 782 2471 inritum
805 2403 926 2470 fuciunt
955 2409 1195 2485 testamentum,
1224 2425 1276 2472 ns·

151 2541 214 2606 que
237 2525 420 2590 adcrescere
442 2529 589 2605 possunt,
619 2542 690 2589 uam
712 2523 789 2590 hoec
817 2542 946 2590 suorum
975 2523 1127 2591 heredum
1148 2525 1277 2608 proprio

150 2649 236 2709 sunt.
281 2648 330 2709 set
352 2643 379 2707 si
401 2659 502 2722 usque
523 2644 563 2710 od
584 2641 676 2708 finem
699 2641 808 2709 eudem
830 2661 935 2708 rerum
958 2643 1096 2710 condicio
1119 2649 1274 2726 seruetur,

152 2763 338 2830 recte-naec
365 2764 554 2830 dicerentur.
598 2769 647 2829 set
669 2781 740 2830 cum
762 2781 812 2830 ms
840 2763 915 2829 uiuo
945 2768 1049 2843 potest
1075 2764 1178 2829 medio
1206 2783 1275 2846 pcr—

152 2902 231 2949 sonu
245 2889 402 2964 potestate
417 2885 532 2964 egredi,
549 2903 605 2950 seu
620 2891 731 2962 morte,
747 2903 803 2950 ssu
818 2886 952 2967 patriciu
967 2885 1121 2968 dignitate
1136 2889 1274 2969 optentu,
1293 2893 1328 2946 uo

153 3004 189 3066 ut
210 3001 392 3068 inuenietur
415 3002 560 3084 deinceps
582 3020 679 3084 nepos
700 3004 844 3084 neptisue
865 3022 943 3069 suus
970 3022 1069 3070 suaue
1091 3004 1183 3070 heres
1206 3017 1275 3070 esse

151 3121 289 3202 quodam
310 3120 498 3202 odgnotione
520 3120 560 3186 ad
583 3120 818 3188 similitudinem
845 3127 1060 3204 postumorum
1083 3123 1167 3206 (cum
1190 3121 1273 3188 cuim

151 3240 317 3306 ostensui
338 3240 470 3306 heredes
492 3259 554 3307 nou
576 3245 701 3320 esseut,
735 3259 818 3307 nuuc
844 3240 924 3308 fiunt
954 3242 1020 3321 sui,
1051 3247 1084 3307 et
1106 3239 1200 3307 sicuti
1221 3259 1275 3323 po·

151 3359 250 3426 sturni
265 3360 492 3442 cognoscendo,
516 3361 561 3425 its
583 3358 616 3424 hi
638 3360 833 3427 succedendo
855 3368 1004 3444 rumpunt
1027 3359 1273 3442 testamentum),

151 3497 191 3544 nc
207 3477 306 3560 igitur
320 3483 421 3544 nouus
436 3497 522 3558 suus,
538 3477 621 3546 idest
636 3497 731 3562 nepos
747 3478 927 3558 succedens,
951 3484 1173 3544 testamentum
1188 3497 1276 3546 rum·
1292 3492 1325 3546 so

151 3603 215 3680 put,
238 3598 332 3664 sicuti
352 3599 456 3680 ipsum
478 3597 578 3664 filium
599 3599 645 3664 its
672 3606 816 3681 nepotem
846 3603 1012 3681 neptemue
1040 3600 1171 3666 heredes
1200 3599 1275 3666 sori·

150 3719 228 3786 berc
247 3718 459 3785 exheredesus
480 3718 664 3785 nominatim
694 3717 796 3785 iecere
823 3718 930 3786 debeo.
979 3735 1051 3785 num
1079 3719 1105 3784 si
1134 3724 1273 3801 praeter

386 3945 417 3999 ‚A
