3058 4890
594 438 826 501 -224-

149 625 266 692 idcirco
295 625 391 690 inrita
419 623 475 690 fiet
503 623 661 690 institutio
690 630 722 691 et
749 625 874 704 quidem
908 625 985 690 iure.
1035 625 1159 690 nomina
1188 623 1267 689 enir'n

149 743 423 826 significandorum
445 743 604 810 hominum
627 744 729 826 gratia
757 751 881 825 reperta
901 750 989 816 sunt,
1018 744 1124 824 itaque
1152 743 1178 808 si
1208 743 1268 808 alio

149 863 291 943 quolibet
313 863 404 928 modo
427 881 560 942 persona
582 862 720 943 intellegi
747 861 862 944 possit,
892 863 977 926 nullu
1004 864 1064 928 erit
1093 862 1269 928 differentia

149 955 330 1064 nullumque
351 982 578 1047 incommodum
602 999 640 1046 ex
668 1000 790 1057 errore,
820 983 872 1064 qui
900 983 932 1045 in
961 982 1085 1048 nomine
1114 982 1296 1045 admissus·

97 1109 207 1168 sucat.
257 1101 308 1166 30.
349 1100 431 1166 Huic
459 1101 573 1166 rationi
602 1103 742 1183 proxima
777 1102 886 1182 regula
914 1119 1038 1184 quoque
1066 1106 1130 1175 est,
1157 1100 1267 1168 falsam
1303 1101 1319 1152 ὅ

149 1221 445 1286 demonstrationem
478 1221 614 1302 legatum
644 1239 704 1286 non
734 1239 902 1302 peremere.
957 1221 1037 1286 scire
1065 1219 1147 1284 enim
1174 1221 1269 1287 debes

148 1341 261 1422 legatis
282 1341 376 1416 modo
397 1341 708 1418 demonstrationem,
739 1341 830 1407 modo
860 1359 987 1406 causam
1009 1338 1100 1404 adici.
1145 1339 1269 1405 demon·

149 1461 260 1526 stratio
288 1479 364 1526 uero
394 1459 515 1526 estrei
548 1459 671 1540 legatae
705 1459 888 1526 declaratio:
922 1451 1022 1525 ueluti
1054 1457 1082 1522 si
1111 1457 1181 1540 quis
1210 1460 1269 1528 hoc

149 1585 240 1648 modo
262 1581 432 1665 legauerit:
459 1582 658 1648 rStichnm
690 1601 850 1648 seruum
880 1577 1000 1647 m'eum
1029 1555 1185 1645 uernam
1207 1581 1270 1644 Ti·
1307 1553 1311 1560 ’

146 1703 200 1772 tio
223 1703 342 1784 lego«
368 1702 444 1768 utile
467 1703 548 1768 enim
571 1701 711 1786 legatum
726 1709 783 1779 eat,
799 1703 872 1768 licet
888 1702 1014 1768 Stichus
1030 1681 1127 1766 uerna
1142 1721 1202 1766 non
1216 1681 1268 1772 sit,
1290 1705 1321 1755 10

149 1828 198 1888 set
219 1829 353 1905 emptus.
398 1829 446 1887 set
469 1823 497 1887 ai
524 1823 571 1888 ita
598 1823 725 1888 dixerit:
757 1821 1132 1898 Stichum-seruum,
1159 1838 1268 1900 quem
1356 1856 1359 1861 -

147 1941 386 2020 aSeioemi‚
410 1943 519 2008 Titio
540 1943 645 2023 lego,
667 1959 737 2016 cum
761 1961 831 2007 eum
854 1961 873 2006 a
895 1941 999 2008 Primo
1029 1941 1169 2017 emisset,
1192 1939 1269 2004 item

148 2063 225 2128 utile
236 2064 298 2128 erit
308 2063 445 2144 legatum
456 2050 585 2144 propter
595 2062 735 2144 regulam
748 2063 900 2127 dicantem
912 2061 991 2126 salsa
1002 2060 1269 2126 demonstratione

95 2165 286 2264 allegatum
309 2201 370 2248 non
391 2183 518 2264 peremi.
556 2182 607 2246 31.
642 2183 736 2248 Falsa
757 2199 881 2262 quoque
904 2200 999 2247 causa
1021 2181 1124 2261 legato
1146 2179 1270 2245 adiecta

147 2301 287 2382 legatum
320 2321 381 2368 non
413 2301 562 2367 infirmat.
609 2321 704 2367 causa
736 2320 813 2366 uero
846 2307 895 2366 est
924 2298 1055 2364 rationis
1088 2296 1268 2376 declaratio,
1290 2307 1321 2358 lo

147 2440 211 2503 qua
225 2420 366 2502 legatur.
411 2419 511 2487 ueluti
533 2423 561 2484 si
583 2421 652 2502 quis
679 2420 724 2485 ita
754 2420 922 2501 legauerit:
952 2417 1127 2483 Stichum
1155 2417 1269 2502 homi·

146 2561 228 2608 nem
262 2560 383 2608 meum
419 2541 525 2608 Titio
559 2541 603 2608 do
639 2542 738 2622 lego,
769 2539 864 2621 quia
897 2558 953 2606 me
985 2520 1152 2606 absente
1185 2553 1269 2604 mea
1313 2597 1317 2605 ,

146 2661 311 2744 negotia
330 2661 507 2740 curauit,
529 2639 589 2727 xuel
607 2661 668 2726 ita:
692 2659 796 2724 Titio
823 2659 1014 2724 hominem
1044 2654 1269 2750 lega-quia

146 2778 231 2849 eius
252 2780 478 2864 patrocinio
501 2781 663 2846 crimine
685 2778 857 2860 capitali
880 2797 961 2845 sum
984 2777 1199 2843 absolutus.
1240 2774 1269 2848 si

147 2903 230 2967 enim
252 2903 381 2984 negotia
402 2919 472 2966 mea
493 2901 595 2964 Titius
623 2917 783 2982 nunquam
805 2899 954 2980 gesserit,
983 2916 1040 2962 nec
1069 2897 1135 2960 eius
1164 2901 1270 2976 patro·
1286 2904 1320 2955 20

146 3021 229 3094 cinio
252 3022 363 3103 capitis
385 3021 557 3103 periculum
580 3019 752 3098 effugerim,
774 3017 894 3084 ualebit
914 3018 1052 3100 legatum
1072 3020 1200 3098 propter
1222 3032 1270 3078 re·
1313 3101 1317 3112 Ι

146 3141 262 3222 gulam,
285 3139 364 3205 falsa
386 3158 482 3205 causa
502 3138 641 3218 legatum
664 3156 725 3202 non
747 3136 876 3220 peremi.
926 3138 953 3202 si
982 3143 1086 3202 tamen
1116 3131 1271 3199 condicio·

146 3261 196 3326 nis
211 3259 304 3327 modo
319 3279 444 3328 causam
461 3259 697 3337 enuntiauerim
713 3279 794 3342 quae
810 3257 889 3324 falsa
904 3257 1033 3324 inuenta
1048 3260 1106 3332 est,
1129 3252 1206 3318 nihil
1227 3253 1269 3320 le.-

146 3359 291 3465 gatarius
313 3386 532 3460 consequetur.
577 3379 676 3444 ueluti
698 3379 757 3444 hoc
786 3378 893 3443 modo:
924 3374 1031 3441 Titio
1059 3375 1159 3439 hunc
1183 3371 1269 3437 lun·

145 3501 236 3564 dum
258 3501 358 3582 lego,
380 3500 412 3566 si
434 3518 515 3566 mea
535 3501 698 3583 negotia
721 3499 935 3566 curauerit.
972 3499 998 3562 si
1022 3498 1103 3562 enirn
1125 3512 1177 3560 res
1200 3513 1269 3574 gea·
1285 3507 1320 3558 25

198 4324 300 4375 Theoph.
313 4324 425 4365 Antecess·
439 4335 480 4364 rec·
495 4321 583 4364 Fenn'ni.
