3058 4890
582 451 815 521 ..ppp-

140 642 195 720 stt
213 641 345 725 accipiet
366 641 497 725 perinde
518 653 556 708 at
574 643 602 708 si
622 642 763 710 condicio
785 643 933 720 extiterit,
955 644 1004 709 sin
1024 643 1141 724 minum
1161 644 1259 711 saluti

86 769 130 822 aa.
141 761 321 828 condicione
343 759 505 828 deficiente
526 759 614 829 nulla
634 763 786 846 legatario
808 763 890 829 actio
912 763 1047 830 dabitur.
1092 763 1143 829 32.
1172 759 1259 831 Hanc

138 881 169 946 in
192 881 300 963 primis
322 889 487 967 perspecta
508 882 635 949 habeas.
680 879 758 949 Gum
785 882 818 948 in
846 900 940 948 unam
969 881 1161 966 eandemque
1189 898 1259 968 per·

139 1017 246 1065 sonam
280 1001 396 1068 actoris
425 1002 533 1085 reique
558 1001 629 1068 iura
651 983 853 1084 concurrant,
879 1001 1061 1073 confusions
1087 1002 1160 1070 inde
1187 1008 1258 1070 orta

138 1119 332 1200 extinguitur
363 1121 456 1188 actio.
511 1140 601 1188 nemo
633 1121 714 1188 enim
749 1123 903 1190 mucrene
931 1120 1134 1202 semetipsum
1163 1139 1257 1204 agera
1291 1121 1309 1174 ⁵

138 1246 251 1320 potest.
295 1239 364 1305 aius
384 1257 510 1322 qnoque
532 1238 709 1306 memiru'ssc
735 1240 839 1318 iuuet,
869 1239 953 1323 quod
979 1239 1084 1324 paullo
1112 1241 1257 1323 superius

138 1359 286 1436 diximus,
315 1359 430 1424 deterri
456 1359 562 1439 legata
589 1359 618 1424 si
640 1375 720 1440 pura
741 1361 846 1426 siuta
873 1367 974 1426 morte
1001 1360 1181 1438 testatoris,
1208 1361 1256 1428 su

136 1486 241 1544 antem
265 1479 324 1545 suh
347 1477 526 1545 condicione
549 1477 657 1544 relicta
679 1479 752 1557 sint,
774 1495 794 1544 a
816 1478 1005 1546 condicionis
1027 1485 1152 1546 euentu.
1186 1495 1256 1545 cum

136 1578 213 1664 haec
235 1597 294 1664 tibi
317 1605 481 1683 perspecta
503 1600 576 1678 sint,
597 1599 670 1665 uide
692 1617 773 1683 qnae
793 1599 867 1666 inde
888 1605 1070 1683 sequantur.
1093 1615 1163 1666 cum
1185 1597 1256 1683 quis

136 1726 329 1796 moreretur,
352 1738 401 1787 me
422 1719 538 1786 herede
560 1721 716 1798 instituto,
743 1715 851 1787 Sticho
873 1738 965 1790 seruo
987 1738 1056 1788 mco
1078 1723 1215 1802 legatum
1237 1723 1309 1788 a10

136 1856 185 1903 me
206 1837 343 1920 reliquit.
371 1840 534 1920 quaeritur
556 1847 705 1908 carente
727 1841 863 1922 legatum
886 1840 936 1918 sit,
960 1824 991 1908 in
1013 1839 1153 1909 eiusdem
1174 1839 1257 1906 enim

135 1975 299 2039 perennem
322 1957 438 2023 actoris
460 1964 492 2023 et
513 1958 559 2023 rei
581 1957 652 2024 iura
674 1963 875 2026 concurrunt:
897 1958 1059 2040 egoenim
1082 1977 1155 2025 rcus
1174 1975 1255 2037 sum,

135 2082 245 2158 utpote
268 2077 375 2157 hares3
398 2095 455 2159 ego
477 2082 583 2142 autem
599 2084 697 2156 actor,
720 2084 830 2160 utpota
845 2077 989 2144 dominus
1010 2076 1162 2162 legatarii.
1183 2092 1255 2144 cum

134 2178 241 2276 itaque
262 2196 294 2260 in
317 2215 366 2260 me
389 2197 435 2262 rei
462 2204 495 2262 et
520 2171 635 2263 actoris
661 2197 733 2263 iura
761 2205 961 2275 concurrant,
992 2196 1074 2263 actio
1096 2193 1254 2264 confundi·

134 2319 196 2380 tur.
240 2320 315 2380 sunt
337 2321 441 2382 tamen
461 2315 516 2396 qni
536 2317 644 2382 dicant
664 2314 762 2398 legati
784 2315 971 2382 delationem
994 2334 1063 2383 esse
1090 2322 1306 2399 expertam-16

136 2432 219 2512 dam,
242 2452 312 2500 cum
336 2434 456 2500 scilicet
477 2434 574 2516 legati
601 2434 684 2504 actio
706 2423 882 2517 competere
902 2435 1038 2516 incipiat
1082 2438 1115 2500 et
1136 2435 1163 2500 si
1185 2433 1253 2520 qui·

133 2552 203 2620 dem
226 2558 301 2619 tunc
324 2554 473 2635 temporis
502 2553 627 2620 heredis
649 2560 682 2619 et
710 2553 852 2636 legatarii
880 2571 1032 2635 personas
1059 2553 1176 2622 tuerint
1204 2569 1252 2623 ss·
1307 2607 1310 2613 a

132 2679 263 2754 paratas
285 2671 366 2756 (ficri
386 2672 468 2738 anim
490 2678 594 2754 potest
615 2679 652 2737 nt
672 2673 747 2739 uino
768 2679 919 2739 testatore
932 2669 1074 2740 Stichum
1097 2672 1251 2741 hominen

132 2809 235 2858 mcum
251 2793 468 2858 manumittam
483 2791 711 2875 authentiam),
734 2811 803 2858 cum
818 2792 985 2858 distinctae
1004 2793 1071 2858 sint
1089 2805 1250 2875 pompose,

132 2909 366 2978 confirmabitur
380 2913 526 2994 legatum.
577 2913 625 2977 sin
655 2920 760 2978 autem
788 2913 947 2978 testatoris
976 2911 1086 2978 mortis
1113 2918 1303 2994 temporem

131 3049 243 3097 seruus
265 3031 436 3113 legatarius
459 3030 491 3096 in
514 3050 583 3100 mea
603 3037 761 3115 potestate
783 3029 931 3097 inuentus
958 3026 1068 3109 inerit,
1097 3030 1251 3114 extingui·
1305 3117 1309 3124 ι

131 3156 184 3217 tur
206 3152 345 3234 legatum
368 3157 610 3235 propterquam
632 3151 851 3234 proposuimus
872 3150 1036 3217 rationem.
1085 3151 1162 3218 haec
1183 3150 1251 3234 qui·
1304 3143 1308 3151 ’

132 3271 202 3338 dem
225 3272 251 3336 si
272 3290 352 3354 pure
374 3270 517 3338 relictum
537 3271 590 3338 sit.
613 3273 640 3337 si
654 3291 730 3342 uero
745 3272 804 3342 sub
822 3271 1012 3350 condicione,
1031 3287 1094 3342 mon
1116 3267 1250 3351 amplius
