3058 4890
632 364 860 446 ..243-

187 547 440 648 deicommissum
464 549 734 636 recepitotilibus
748 552 932 636 ‘sedenibus
953 558 1222 642 repetitumque
1236 577 1308 628 con·

188 669 323 750 denitur,
345 670 604 757 in'quadrantem
626 679 732 742 autem
754 675 847 743 heres
869 676 994 745 directis
1009 678 1182 746 ¹actionibus
1204 685 1237 746 et
1256 699 1309 747 ea·

187 783 308 873 peritur
334 796 366 858 at
399 783 594 860 conuenitur.
621 800 676 861 1at
702 793 729 860 si
757 795 828 880 plns
855 812 950 880 quam
979 788 1179 879 dodrantem,
1208 797 1308 866 ueluti

187 889 365 977 dexlmtem
388 911 439 978 uel
462 911 639 992 deuncem,·
658 913 709 980 uel
737 911 830 982 etiem
860 920 959 983 totam
987 916 1194 994 hereditatem
1216 913 1307 996 heres

145 1039 163 1050 ·“
185 1009 354 1132 restituere
369 1036 497 1115 rogatus
512 1040 605 1114 esset,
626 1015 727 1119 neoue
741 1055 778 1103 ex
795 1036 957 1104 uoluntate
971 1038 1132 1104 testatoris
1154 1035 1325 1122 quadran·¹
1342 1039 1359 1091 ⁵

184 1156 250 1250 ¹tem
272 1149 443 1229 habuisset,
465 1153 644 1250 locusferat
665 1143 834 1239 pegasiano
856 1156 1136 1226 senatusconsulto.
1165 1165 1198 1226 et
1217 1160 1309 1230 heres

185 1271 240 1356 eni
266 1271 362 1339 semel
385 1270 521 1356 adisset,
549 1273 577 1356 si
604 1276 695 1343 modo
724 1295 784 1344 sua
811 1278 972 1346 uoluntate
999 1280 1069 1362 (cur
1096 1286 1202 1346 autem
1232 1297 1309 1346 asna

184 1390 367 1459 uoluntate«
390 1391 530 1460 dicamus
551 1393 681 1461 inferius
703 1395 847 1480 patebit),
869 1396 938 1464 siuc
960 1398 1142 1466 retinuisset
1163 1403 1308 1480 quartam

185 1518 316 1595 partem,
339 1511 406 1579 siue
428 1514 579 1582 noluisset
600 1515 746 1596 retinere,
769 1517 838 1601 ipso
859 1519 951 1586 heres
974 1518 1122 1588 uniuersa
1137 1538 1234 1587 onera
1255 1520 1309 1588 he·

186 1630 336 1701 'reditaria
357 1629 542 1708 sustinebat
564 1646 614 1716 set
635 1643 749 1723 quarta
769 1631 902 1718 retenta,
925 1639 1206 1724 interponebantur
1226 1641 1308 1708 inter
1328 1645 1361 1698 1⁰

188 1772 258 1820 eum
288 1759 320 1819 et
347 1744 436 1820 illurn
468 1752 522 1837 qui
554 1750 826 1820 fideicommissum
836 1773 846 1843 j
861 1759 1021 1836 receperat
1045 1750 1154 1837 'partis
1188 1758 1220 1819 et
1251 1768 1308 1836 pro

185 1883 278 1972 parte
300 1876 528 1962 stipulationes,
551 1875 806 1972 tnnqoamyinter
832 1873 979 1943 heredem
1001 1881 1096 1959 atque
1125 1873 1308 1958 partiariom

187 1997 381 2082 legatarium.
412 1999 453 2066 -si
476 2015 559 2068 nero
574 2002 674 2063 totam
697 1995 903 2074 hereditatem
931 1994 1138 2073 restituisset,
1166 1992 1310 2062 cessabat

133 2091 135 2098 ⁵
185 2080 416 2200 trebellianum,
437 2121 510 2185 oum
531 2119 691 2203 quadrans
712 2137 751 2185 ex
773 2117 936 2185 uoluntate
963 2116 1124 2184 testatoris
1150 2115 1234 2199 apud
1256 2114 1310 2182 he·

187 2231 296 2330 ¹cedem
318 2256 379 2304 non
402 2244 500 2318 esset,
529 2234 674 2306 cessabat
703 2235 798 2304 etiam
828 2236 1044 2320 pegasianum‚
1075 2251 1144 2303 eum
1174 2235 1309 2302 retinere
1329 2251 1360 2304 ro

184 2353 347 2438 'noluisset
371 2364 404 2425 et
426 2356 496 2426 ideo
519 2373 580 2424 non
603 2357 884 2441 interponebantur
905 2353 1004 2441 portis
1026 2362 1058 2422 et
1079 2374 1136 2438 pro
1152 2360 1242 2438 parte
1255 2353 1310 2421 sti·

188 2476 374 2562 potationes.
419 2483 452 2544 et
474 2495 545 2545 cum
567 2478 671 2546 omnio
693 2475 862 2544 deficerent
884 2475 1008 2554 auxilia,
1030 2474 1321 2574 interponebantur

183 2593 407 2686 'stipulationes
440 2607 563 2682 emptae
591 2598 738 2666 uenditae
767 2597 960 2665 hereditatis.
1012 2598 1095 2665 *hacc
1124 2595 1249 2682 quidem
1283 2595 1309 2661 si

183 2721 258 2805 qnia
280 2727 391 2804 sponte
413 2718 618 2788 hereditatem
636 2718 740 2786 adeat.
785 2724 834 2786 sot
855 2719 881 2784 si
903 2724 1027 2786 recuset
1049 2718 1119 2800 quis
1148 2717 1235 2786 adire
1256 2718 1309 2786 he

188 2841 355 2909 reditetem
383 2840 423 2910 ob
449 2840 482 2908 id
503 2841 587 2923 quod
616 2842 700 2910 dicat
727 2860 794 2908 eam
825 2843 885 2910 sibi
912 2849 1090 2927 suspectam
1120 2861 1189 2910 esse
1217 2843 1308 2929 quasi
1326 2850 1361 2904 no

188 2961 379 3039 damnosam,
400 2965 532 3029 cauetur
553 2962 723 3044 pegasiano
745 2963 1014 3031 senatusconsulto
1034 2970 1070 3032 ut
1084 2964 1178 3030 adeat
1200 2964 1236 3042 is,
1259 2965 1310 3030 cui

188 3080 356 3151 restituere
369 3081 526 3162 debetur,
549 3087 726 3167 praetorem
753 3082 809 3167 qui
838 3084 947 3152 iubeat
968 3084 1122 3178 heredem
1148 3083 1250 3163 adire,
1278 3089 1311 3152 et

183 3177 538 3272 'onnem‘hereditaten
560 3204 737 3272 restituere.
760 3208 793 3270 et
812 3204 942 3289 perinde
963 3204 993 3271 in
1016 3204 1150 3272 solidum
1172 3202 1310 3271 actiones

183 3323 398 3394 ¹hereditariae
420 3324 449 3392 ei
471 3329 566 3409 atque
587 3324 619 3391 in
642 3343 727 3402 eum,
748 3324 801 3394 cui
825 3324 982 3393 hereditas
1012 3323 1207 3406 restituitur,
1234 3325 1310 3392 dan·

188 3447 257 3538 tur,
288 3445 352 3515 acsi
382 3462 420 3513 ex
448 3443 721 3514 senatusconsulto
749 3443 933 3514 trebelliano
959 3445 1118 3512 restitutio
1147 3443 1231 3513 lacta
1256 3445 1308 3512 sit.
1326 3457 1360 3510 ao

188 3571 285 3648 atoue
298 3566 331 3632 in
351 3563 504 3633 eiusmodi
526 3583 600 3632 casu
615 3569 784 3649 utrumque
806 3565 1111 3633 senatusconsultum
1134 3564 1309 3646 concurrit;

187 3689 221 3798 et
234 3684 441 3794 pegasiannm
456 3685 583 3772 quidem
597 3685 748 3792 scriptum
763 3685 909 3754 heredem
932 3683 1020 3752 adire
1035 3683 1128 3772 cogit,
1151 3683 1310 3755 trebello..
