3078 4882
708 376 940 437 -177-

260 564 384 650 ζήτησις
405 562 515 645 γέγονε
537 564 565 626 ελ
585 561 723 648 ἔρρωται
746 562 783 624 τὰ
804 566 860 648 τῆς
890 561 1064 635 ἐνστάσεως
1095 562 1143 624 καὶ
1173 561 1201 622 οἱ
1230 559 1390 645 εἰρημένοι

260 665 414 728 δειότατοι
435 663 577 744 βασιλεῖς
598 664 789 748 ἀντέγραψαν
812 665 865 726 τὸν
888 663 1007 750 υίκέτην
1030 661 1137 751 ἔνοχον
1160 661 1237 725 όντα
1261 663 1299 748 τῇ
1319 685 1390 744 μοι·

255 767 329 855 χείρ
351 765 407 830 οὐκ
429 766 563 854 ἰσχυρῶς
591 766 623 829 ἐν
651 769 691 852 τῇ
718 766 853 852 διαδήκη
882 763 1129 850 ἐλευδεροῦσόαι
1159 767 1220 851 πρδ
1250 762 1307 826 τοῦ
1336 763 1390 827 τέ·

257 889 355 951 ροτος
377 871 432 933 τοῦ
454 869 655 955 δικαστηρίου
676 870 732 932 ὑπ’
755 869 874 955 ἐκείνης
903 867 999 932 αὐτοῦ
1027 871 1083 956 τῆς
1110 867 1294 952 δεσποίνης,
1324 867 1389 952 ήτις

225 975 305 1050 οόις
327 973 524 1036 όποπεσοῦσα
552 975 597 1060 τῷ
620 970 744 1056 αότῷῑ)
774 971 939 1057 ἐγκλήματι
967 973 1200 1057 κατηγορείτω·
1229 969 1310 1046 ὥςτε
1333 967 1387 1032 οὖν

260 1078 279 1162 ή
303 1073 456 1155 ἔνστασις,
483 1077 502 1161 ή
527 1073 574 1138 ἐπὶ
601 1077 646 1160 τῷ
673 1075 803 1158 τοιούτῳ
836 1074 987 1159 γενομένη
1016 1073 1121 1159 δούλῳ
1150 1074 1254 1159 πάσης
1282 1069 1391 1160 ἰσχύος

260 1177 340 1240 ἐστίν
367 1175 462 1252 ἐκτός.
515 1176 622 1262 ἐπειδή
650 1175 687 1239 δὲ
717 1177 884 1263 εἰρήκαμεν
917 1178 967 1239 καί
996 1178 1049 1239 τὸν
1077 1175 1238 1260 ἀλλότριον
1270 1174 1389 1257 οίκέτην

261 1283 362 1356 καλῶς
385 1283 519 1366 γράφειν
542 1283 624 1367 ήμᾶς
644 1281 849 1368 κληρονόμον,
873 1279 1008 1364 ὀφείλεις
1030 1279 1144 1343 είδέναι
1166 1279 1212 1342 ότι
1227 1277 1391 1362 άλλότριός

261 1385 326 1449 ἐστι
347 1385 487 1459 κάκεῖνος
510 1381 619 1468 ἐφήἷ
650 1385 668 1445 ό
695 1382 841 1448 ίθυλόίωτ
868 1381 1055 1448 usfifmeton
1082 1382 1174 1470 εἶχεν.
1227 1386 1252 1444 Ι.
1286 1376 1390 1444 Ἡνίκα
1412 1397 1433 1444 ι.

213 1485 245 1537 1⁰
262 1489 299 1551 δέ
322 1489 374 1552 τὸν
397 1488 472 1569 ἐμδν
495 1486 614 1572 οίκέτην
634 1488 748 1569 γράψω
779 1486 972 1572 κληρονόμον
998 1505 1070 1550 cum
1097 1483 1248 1549 libertate
1276 1482 1388 1569 ήεὶιιθ

261 1589 443 1670 libertam)
467 1588 658 1672 (ἀδιάφορον
679 1590 741 1670 γὰρ
763 1587 846 1652 καδὰ
869 1587 1028 1670 λέλεκται),
1051 1588 1078 1650 εί
1099 1587 1156 1668 μὲν
1178 1587 1266 1669 μένει
1289 1587 1388 1650 τελῶν

263 1692 321 1756 ὑπό
346 1693 401 1776 τὴν
423 1691 499 1777 ἐμήν
522 1690 706 1754 δεσποτείαν
729 1689 900 1775 ἐλεύδερος
922 1691 1083 1776 γενήσεται
1112 1691 1160 1752 καί
1189 1687 1390 1754 οθοθοεύτίοε

262 1792 339 1876 ἐμοῦ
361 1792 564 1878 κληρονόμος.
608 1793 636 1854 εί
658 1791 694 1854 δὲ
717 1792 868 1878 ἐπιζήσας
897 1814 935 1877 κη
961 1789 1095 1878 διαδήκη
1126 1793 1237 1855 τοῦτον
1264 1790 1390 1854 ἐλευδε·

259 1895 371 1980 ρώσω,
393 1893 623 1976 οολιιαίότίοοθ)
648 1893 810 1978 γενήσεται
833 1894 1026 1980 κληρονόμος
1055 1892 1088 1955 ἐν
1117 1893 1281 1978 παρρησίᾳ
1308 1891 1389 1980 ἔχων

213 2010 243 2061 15
263 1999 296 2059 τδ
319 1996 479 2061 aditefisai
500 1996 520 2082 ή
541 1996 602 2083 μή,
632 1995 828 2061 οοοθοούτίοο
856 1997 917 2079 γὰρ
947 1993 984 2062 ού
1010 1995 1138 2059 δύναται
1166 1994 1259 2072 εἷναι,
1291 1995 1389 2076 οἷον4)

263 2100 300 2161 τδι
322 2100 380 2162 δυο
402 2099 437 2163 ἐκ
458 2104 514 2186 τῆς
536 2103 588 2164 τοῦ
612 2100 764 2164 δεσπότου
785 2102 828 2185 μή
843 2099 1015 2182 δυνάμενος
1038 2097 1118 2186 ἔχειν
1135 2096 1301 2184 διαδήκης,
1324 2119 1393 2160 του-

261 2202 341 2265 τέστι
363 2204 417 2287 τήν
440 2202 645 2289 κληρονομίαν
673 2204 722 2266 καί
751 2203 805 2288 τήν
835 2200 1061 2286 ἐλευθερίανίγ
1084 2203 1110 2264 εί
1133 2200 1170 2264 δὲ
1192 2201 1236 2286 μή
1263 2199 1392 2264 ἐλεδευ·

259 2307 357 2386 ρώσω
378 2305 438 2386 μὲν
461 2304 554 2372 αύτδν
577 2305 732 2392 ἐκπονήσω
756 2306 802 2383 δὲ,
826 2305 961 2370 κελεύσει
982 2309 1038 2369 τοῦ
1066 2305 1201 2383 καινυῦθ)
1234 2303 1391 2368 δεσπότου

262 2406 425 2472 aditel‘lsas
446 2409 555 2493 ἐκείνῳ
578 2408 777 2492 προςπορίζει
799 2411 852 2472 τὸν
875 2409 1034 2493 κλήρονί),
1068 2406 1163 2481 αύτδς
1185 2407 1246 2489 γὰρ
1269 2407 1393 2496 ἐκπονη-

209 2510 328 2584 ουδεὶς
349 2513 399 2574 καί
418 2513 462 2598 μή
490 2511 598 2595 μείνας
627 2512 685 2576 ὑπὸ
714 2514 769 2597 τήν
799 2511 876 2596 ἐμήν
904 2510 1089 2574 δεσποτείαν
1117 2507 1189 2572 οὔτε
1218 2508 1392 2596 ἐλεύδεμος

261 2610 332 2675 ούτε
354 2613 547 2698 κληρονόμος
569 2612 646 2677 εἶναι
668 2613 810 2691 δύναται,
833 2613 932 2676 εἶκαὶ
961 2632 1033 2676 oum
1055 2610 1206 2676 libertate
1237 2611 1275 2698 ήν
1303 2617 1323 2700 ή
1347 2613 1393 2676 ἕν-

262 2714 411 2795 στασιςθ).
456 2716 543 2778 δοκεῖ
562 2716 623 2799 γὰρ
645 2717 662 2775 ό
685 2714 843 2802 δεσπότης
865 2713 1053 2799 ἀφίστασθαι
1081 2718 1138 2801 τῆς
1165 2713 1214 2776 ἐπί
1245 2738 1283 2802 ιη
1307 2716 1393 2779 ἐλευ-

262 2815 356 2900 δερίᾳ
378 2816 516 2894 δόσεως,
546 2818 655 2897 καδότς
682 2817 777 2882 αὐτόν
805 2818 994 2904 ἐξεποίησεν.
1046 2816 1142 2882 ταῦτα
1170 2819 1229 2900 μέν
1259 2820 1309 2882 ἐπὶ
1338 2818 1392 2882 τοῦ

261 2918 462 3004 ήμετέρου’)·
492 2921 520 2982 εί
541 2920 576 2984 δέ
608 2920 660 2983 τόν
683 2921 843 3004 ἀλλότριον
872 2921 991 3007 υίκέτην
1020 2919 1214 3006 ἐνστήσωμαι
1242 2921 1393 3007 κληρονό-

210 3042 244 3094 25
260 3044 329 3104 μον,
354 3021 381 3082 εί
400 3021 458 3103 μὲν
478 3023 568 3108 μείνη
577 3023 617 3104 ¹⁰)
640 3023 725 3106 παρὰ
748 3025 793 3104 τῷ
816 3021 1108 3109 αύτῷ11)δεσπότη
1128 3023 1269 3086 κελεύσει
1292 3022 1392 3090 αύτοῡ

262 3123 318 3209 τήν
347 3123 549 3208 κληρονομίαν
565 3123 738 3190 -aditefiwn
766 3123 855 3210 αύτῷ
889 3126 1001 3212 ταύτην
1032 3123 1241 3209 προςπορίζει.
1296 3128 1322 3188 εί
1355 3125 1392 3188 δέ

262 3224 414 3311 ἐκπυιηδῇ
447 3227 563 3300 ζῶντος
596 3230 651 3290 τοῦ
686 3225 903 3313 διατιθεμένου
939 3227 1033 3316 ήγουν
1062 3230 1111 3291 καί
1136 3230 1215 3311 μετὰ
1242 3230 1392 3314 τελευτήν

263 3329 332 3410 πρίν
354 3327 502 3416 οᾶὶλοίιεη
530 3329 608 3391 κατὰ
635 3329 774 3393 κέλευσιν
804 3327 916 3406 αὐτοῦ,
946 3334 1109 3415 τηνικαῦτα
1136 3333 1306 3412 προστάξει
1336 3335 1391 3394 τοῦ

264 3427 369 3491 καινοῦ
392 3429 546 3493 δεσπότου
569 3429 731 3496 aditefiein
754 3431 929 3518 δυνήσεται.
964 3434 992 3495 εί
1013 3432 1050 3495 δὲ
1073 3433 1191 3508 ζῶντος
1214 3437 1268 3496 τοῦ
1292 3433 1392 3499 δοῦλό-

212 3550 247 3600 30
264 3535 351 3594 toros
374 3530 479 3618 ἔτυχεν
502 3534 560 3596 ὑπὸ
578 3532 631 3595 τοι]
647 3534 725 3598 ἰδίου
741 3536 894 3599 δεσπότου
910 3538 927 3598 ό
943 3535 1055 3611 δούλας
1070 3536 1348 3621 ἐλευδερωδείς”)
1372 3537 1391 3623 ή

332 3807 355 3872 1)
374 3803 465 3859 addidi
484 3821 518 3859 ex
536 3805 574 3859 M.
693 3806 761 3872 2)(1.
780 3807 818 3860 M.
939 3808 1016 3873 ³)M.
1035 3824 1069 3861 m.
1091 3816 1134 3864 la.
1153 3817 1188 3864 et„
1207 3810 1270 3864 L¹.:
1294 3811 1391 3865 holun-

265 3888 593 3945 tariosm.m.2a.l,².
719 3893 743 3959 4)
761 3890 803 3943 σία
821 3892 915 3946 Vi.R.
1052 3895 1331 3964 5)τήνέλ.καίτὴν
1352 3897 1391 3947 κλ.

263 3973 314 4026 hl.
333 3974 382 4030 11².
401 3973 432 4026 F.
535 3975 558 4042 6)
577 3976 640 4027 νέου
660 3975 700 4029 Vi.
717 3976 750 4030 R.
832 3978 856 4044 ⁷)
873 3977 922 4045 τήν
940 3979 1122 4050 κληρονομίαν
1141 3980 1183 4034 Vi.
1202 3980 1235 4036 R
1306 3981 1330 4048 ⁸)
1348 3983 1391 4032 ἐν·

264 4058 377 4118 στσδείς
395 4057 437 4111 Vi.
455 4057 487 4112 R.
629 4059 655 4128 ⁹)
672 4060 772 4112 δούλου
791 4062 834 4116 ad.
854 4063 895 4115 Vi.
914 4063 945 4116 R.
1097 4067 1132 4130 ¹⁰)
1150 4064 1213 4122 L¹.:
1232 4072 1284 4120 cet.
1304 4070 1393 4131 μένει.

264 4145 298 4209 11)
317 4144 393 4213 αύτῷ
412 4147 449 4214 τῷ
466 4145 516 4198 Ll.
534 4146 584 4200 Ινῖ.
601 4145 631 4200 F.
736 4147 769 4212 l²)
789 4149 871 4215 δῆνσι
890 4148 937 4202 [st.
