3058 4890
590 455 631 469 —
667 421 736 486 218
778 456 820 470 -

149 611 219 687 pter
247 605 324 671 iuris
353 605 480 690 regulas
507 608 548 673 ab
576 606 664 674 adita
689 607 862 674 hereditate
890 627 975 675 more
1002 615 1110 677 uetere
1137 611 1260 678 cedunt.

146 743 217 790 cum
243 725 321 791 haec
348 726 406 792 tibi
431 732 595 808 perspecta
622 727 753 802 habeas,
785 726 858 792 uide
891 728 965 810 quid
997 730 1070 796 inde
1102 736 1260 811 sequatur.

145 843 245 911 Stichi
275 847 361 911 serui
394 846 456 911 mei
484 846 640 928 peculium
670 846 789 928 legari,
816 847 871 927 qui
897 852 1124 929 postmortem
1151 868 1261 928 meam,

150 973 223 1030 ante
246 983 321 1030 uero
344 965 516 1030 aditionem
538 965 690 1047 quaedam
713 966 774 1032 sibi
796 965 961 1049 quaesiuit.
991 967 1055 1032 utri
1077 967 1153 1033 haec
1174 967 1261 1035 lucro

146 1083 265 1149 erunt?
286 1090 392 1150 utrum
412 1085 522 1162 heredi
544 1105 585 1168 an
606 1084 782 1168 legatario?
808 1092 840 1152 et
867 1085 985 1168 placuit
1011 1086 1132 1153 luliano
1153 1087 1181 1152 si
1201 1089 1262 1169 ipsi
1294 1106 1312 1157 o

148 1203 257 1270 Sticho
271 1263 273 1272 ,
289 1206 321 1269 in
354 1211 544 1270 testamento
577 1207 764 1271 manumisso
799 1204 896 1272 fuerit
925 1206 1082 1289 peculium
1114 1204 1260 1288 legatum,

144 1323 299 1405 quidquid
321 1331 395 1390 ante
416 1323 540 1391 heredis
562 1326 732 1406 quaesierit
753 1325 930 1405 aditionem,
953 1344 1045 1390 seruo
1073 1326 1134 1409 ipsi
1155 1344 1261 1393 manu·

145 1446 239 1510 misso
262 1445 382 1511 cedere.
434 1464 497 1528 qua
524 1451 628 1510 autem
655 1445 777 1511 ratione
804 1445 951 1510 dicamne.
1001 1446 1152 1512 eiusmodi
1180 1448 1260 1513 enim

144 1565 238 1646 legati
262 1564 328 1629 dies
350 1565 391 1630 ab
412 1565 536 1631 heredis
558 1565 695 1630 aditione
723 1565 819 1645 oedit;
848 1583 918 1631 nam
948 1565 975 1630 si
1003 1583 1024 1629 a
1044 1571 1144 1631 morte
1166 1572 1262 1631 testa·

148 1687 226 1751 toris
249 1686 384 1764 cederet,
406 1684 513 1750 heredi
536 1685 710 1751 deberetur.
755 1684 948 1750 differentiae
974 1689 1078 1750 autem
1107 1702 1261 1765 quaenam
1280 1699 1313 1751 ιο

145 1811 193 1870 est
223 1803 341 1872 eausa?
373 1805 544 1871 cessionem
577 1824 645 1870 esse
674 1805 848 1888 legatorum
876 1805 1013 1872 nondum
1042 1812 1259 1887 perceptorum

144 1925 182 1988 ad
205 1923 337 1989 heredes
364 1923 631 1990 transmissionem
659 1925 757 2005 probe
783 1924 875 1991 nosti.
924 1924 975 1990 hic
1002 1927 1105 1990 autem
1135 1924 1260 1990 Stichus

150 2042 286 2124 legatum
315 2043 376 2108 sibi
408 2044 562 2125 peculium
593 2048 666 2108 ante
698 2043 866 2109 aditionem
899 2044 1021 2109 cuinam
1049 2044 1259 2110 transmittere

143 2163 287 2244 poterat?
312 2162 353 2227 ad
375 2162 521 2228 heredem
548 2181 758 2246 nequaquem
786 2183 897 2230 seruus
921 2163 1004 2230 enim
1032 2163 1178 2229 heredem
1206 2163 1260 2228 ha·

145 2282 219 2348 bere
241 2284 359 2365 nequit
382 2289 431 2348 set
453 2284 576 2350 domino
598 2285 730 2365 quaerit
760 2286 884 2368 etquis
907 2289 980 2350 ante
1001 2283 1169 2363 aditionem
1192 2284 1259 2349 eins
1279 2303 1311 2355 ro

145 2410 194 2468 est
216 2402 382 2470 dominus?
403 2405 513 2470 merito
536 2405 632 2486 igitur
657 2423 718 2470 non
748 2405 832 2470 cedit
860 2405 1006 2484 legatum.
1055 2410 1127 2484 post
1154 2409 1258 2468 autem
1348 2451 1349 2454 ,

147 2523 314 2589 aditionem
337 2541 406 2588 cum
433 2523 514 2590 liber
539 2522 583 2589 sit
607 2523 715 2589 iactus·
737 2523 944 2603 heredemque
970 2523 1086 2588 habere
1112 2523 1259 2604 potuerit,

145 2644 255 2708 cedere
281 2661 373 2725 posse
399 2643 536 2725 legatum
565 2643 667 2724 palem
696 2649 753 2707 est.
803 2661 841 2707 en
867 2643 963 2724 igitur
992 2660 1113 2721 casum,
1139 2641 1170 2705 in
1197 2660 1258 2724 quo

144 2762 240 2828 hodie
262 2781 385 2844 quoque
407 2781 444 2828 ex
466 2768 574 2828 uetere
596 2764 665 2827 iure
690 2763 774 2827 cedit
801 2763 841 2828 ab
869 2761 956 2826 adita
981 2759 1155 2827 hereditate
1176 2759 1259 2842 lega·

143 2887 220 2946 tum.
264 2881 332 2946 iure
353 2880 462 2963 itaque
487 2901 558 2948 cum
585 2882 848 2947 antecessionem
871 2880 1007 2946 creuerit
1033 2878 1185 2962 legatum,
1213 2881 1259 2946 lu·
1275 2903 1310 2955 oo

146 3020 233 3066 crum
254 3019 345 3066 omno
366 3003 406 3066 ad
429 2999 569 3065 Stichum
590 3001 775 3081 legatarium
803 2998 958 3066 transibit
1010 2998 1185 3065 sinautem
1208 3018 1259 3064 er·

144 3125 253 3187 traneo
275 3120 397 3186 cuidam
421 3119 521 3186 Stichi
542 3119 698 3200 peculium
720 3120 904 3202 legauerim,
932 3139 1013 3203 quae
1035 3124 1258 3201 postmortem

144 3257 214 3306 mea
235 3240 343 3305 addita
363 3240 481 3306 inerint
500 3240 584 3321 apud
606 3241 751 3306 heredem
773 3241 952 3306 manebunt
1002 3238 1155 3304 eiusmodi
1177 3237 1259 3302 enim
