3078 4882
681 331 909 404 ⁷188-

161 581 163 587 !
234 521 288 642 τής
309 514 501 610 pupillarias
523 517 808 594 ὑποκαταστοίσεως
828 519 913 604 ρητά
932 518 1088 604 πρόστυπα
1102 517 1357 600 όποκαδιστᾶνῑ),

233 617 297 717 εἴγε
324 618 431 703 συμβή
458 617 529 693 τοὺς
553 616 710 693 τοιούτους
746 617 859 694 παῖδας
887 619 921 682 ἐν
948 622 996 706 τῷ
1027 625 1082 710 τής
1111 620 1357 742 παραφροσύνης

231 711 413 805 τελευτῆσαι
436 718 536 784 ποίδει.
560 716 644 783 εἰδὲ
631 720 884 808 ἀνανήψωσιν,
908 662 1103 808 ἀκυροῦσδαι
1130 722 1182 808 τήν
1206 721 1359 784 ὑποκατα-

233 845 339 887 στασιν
362 821 535 885 ἐκέλευσεν.
561 843 650 885 τουτο
667 821 703 884 δέ
726 825 805 905 πρὸς
827 822 974 908 όμοίιυσιν
997 828 1052 910 τῆς
1073 821 1299 907 pupillarias
1285 847 1357 886 υπο·

198 943 215 992 υ
233 925 450 998 καταστάσεως
472 921 578 1009 ηὗρεν,
601 926 666 1011 ήτις
689 926 753 1008 ἅμα
777 929 823 1011 τῷ
844 923 968 1014 ἔφηβον
983 925 1175 1010 γενέσδαι
1147 951 1199 990 τον
1213 924 1356 1010 ριίρίλλοῠ

183 1026 409 1115 ἀκυροῦται.
442 1028 471 1091 2.
505 1025 555 1090 'Eu
577 1024 606 1112 φ)
628 1026 664 1091 δὲ
685 1027 813 1091 κατὰ
785 1051 837 1092 τον
860 1028 1118 1116 παραδεδομένον
1140 1028 1233 1095 τόπον
1256 1030 1277 1114 ή
1298 1041 1355 1110 pu·
1371 1047 1395 1098 υ.
1508 1085 1509 1090 ,

233 1129 362 1216 pillaria
384 1129 628 1205 υποκατάστοιστς
655 1127 855 1218 διατυπιοδή,
884 1131 942 1196 δύο
972 1132 1087 1218 τρόπον
1115 1132 1182 1198 τινὰ
1209 1131 1357 1218 διαόήκαί
1508 1091 1509 1206 λ

233 1234 315 1312 εἰσιν,
338 1231 436 1319 ήμέν
421 1231 520 1295 νάπδ
544 1231 597 1296 τοῦ
622 1235 740 1320 πατρὸς
762 1233 806 1309 εἰς
829 1237 880 1298 τδν
904 1235 999 1300 παῖδα
1021 1235 1182 1323 γενομένη,
1205 1233 1278 1320 ήδὲ
1293 1233 1353 1296 ἀπὸ
1508 1185 1509 1284 λ

233 1359 286 1400 του
272 1333 420 1410 παιδὸς
442 1335 519 1418 εἰς’)
548 1338 600 1399 τὸν
630 1335 899 1416 ίιποκατοίστατον,
930 1339 1036 1425 ὥςπερ
1064 1337 1093 1402 ελ
1121 1338 1214 1412 αότδς
1240 1338 1257 1398 ό
1293 1335 1356 1412 υίὸς

184 1440 246 1493 10'
233 1441 339 1524 εαυτῷ
360 1438 552 1526 κληρονόμον
582 1435 782 1525 ἐνεστήσατο.
836 1439 855 1526 ή
881 1441 997 1524 μᾶλλον
1028 1440 1069 1524 (ελ
1098 1441 1150 1505 δεῖ
1176 1444 1210 1503 τό
1238 1438 1356 1528 ἀληθὲς
1508 1459 1509 1550 η

233 1541 341 1623 εἰπεῖν)
361 1540 418 1626 μία
437 1541 496 1624 μέν
518 1539 585 1605 ἐστι
606 1539 749 1629 διαδήκη,
773 1541 829 1605 δύο
854 1541 890 1607 δὲ
917 1543 1129 1630 κληρονομίαι,
1159 1546 1179 1632 ή
1205 1543 1265 1627 μέν
1296 1542 1355 1606 ἀπὸ

233 1646 286 1708 τοῦ
310 1645 426 1729 πατρὸς
448 1641 496 1718 εὶς
518 1647 570 1706 τόν
593 1645 688 1706 παῖδα
711 1645 960 1730 καταφερομένη,
982 1647 1002 1732 η
1026 1643 1063 1710 δὲ
1084 1646 1145 1709 ἀπὸ
1167 1648 1223 1709 τοῦ
1247 1645 1357 1720 παιδός

233 1747 277 1833 είς
298 1749 350 1809 τὸν
373 1746 627 1810 ὑποκατάστατον
649 1746 812 1835 ἐρχομένη.
860 1749 960 1813 πάντα
983 1749 1044 1832 γὰρ
1072 1750 1131 1813 όσα
1152 1748 1316 1822 διεδέξατο
1339 1750 1356 1812 ό

232 1846 371 1932 ριίρίλλοε
392 1849 426 1914 ἐκ
449 1853 502 1912 τοῦ
525 1849 643 1935 πατρός
665 1849 684 1936 ή
707 1851 755 1916 καὶ
777 1849 871 1927 αὐτὸς
893 1850 1085 1938 ἐπεκτήσατο
1107 1853 1188 1936 μετὰ
1211 1853 1356 1938 τελευτὴν

183 1969 214 2020 15
232 1949 288 2015 τοῦ
311 1954 429 2039 πατρός
456 1951 505 2015 ἐπὶ
534 1954 585 2017 τὸν
616 1953 866 2019 ὑποκατάστατον
892 1953 1085 2042 μετέρχεται.
1137 1955 1184 2024 ότι
1214 1955 1275 2038 γὰρ
1302 1954 1356 2039 μίιι
1508 2011 1509 2042 ,

232 2051 367 2142 διαθήκη
389 2053 453 2118 ἐστὶ
476 2053 570 2150 δήλον
593 2054 630 2128 ἐξ
658 2055 702 2117 ὧν
731 2055 809 2120 έπτὰ
832 2057 928 2137 μόνον
956 2063 1120 2142 μάρτυρες
1149 2058 1347 2142 παραλομβά

233 2181 348 2236 νονται,
377 2159 471 2220 καίτοι
500 2156 527 2220 εί
549 2156 605 2236 δύο
634 2155 711 2244 ἦσαν
741 2157 917 2244 διαδήκαιί)
947 2159 1182 2245 δεκατέσσαρας
1208 2157 1273 2222 ἔδει
1302 2181 1353 2222 πα-

229 2263 330 2346 ρεῒναι
348 2262 521 2348 μάρτυρας.
560 2261 590 2324 3.
619 2259 790 2346 Συμβαίνει
813 2261 956 2337 πολλάκις
978 2261 1043 2324 τινά
1063 2259 1261 2344 pupillariws
1285 2261 1394 2324 ὑπο-ό
1508 2313 1509 2320 ,

232 2362 426 2427 καδιστῶντα
456 2366 502 2449 τῷ
520 2363 604 2426 παιδὶ
626 2363 672 2440 ελς
694 2361 824 2452 ἔσχατον
847 2362 1002 2446 ἐμπίπτειν
1026 2362 1110 2442 δέιις,
1129 2365 1246 2452 μήπως
1267 2365 1356 2444 όρυ·
1508 2353 1509 2360 ¹

181 2489 215 2540 νο
232 2466 409 2550 pillae'trios‘)
433 2466 684 2541 ὑποκατάστατος
706 2465 799 2546 γνοδς
820 2467 885 2548 ἅμα
907 2467 1036 2552 τελευτή
1058 2469 1114 2530 τοῦ
1143 2467 1262 2548 πατρὸς
1286 2466 1356 2528 ἑαυ-

233 2569 285 2632 τόν
308 2569 431 2653 pupillu
454 2567 712 2636 ὑποκαδοίστοτον
729 2567 936 2654 ἐπιβουλεύσῃ
958 2571 1007 2654 τῷ
1029 2569 1156 2656 ἀνήβφ·
1188 2569 1356 2654 πρόχειρον

232 2671 269 2734 δέ
292 2670 343 2735 διά
364 2675 399 2736 τό
421 2672 525 2760 βραχὺ
550 2675 607 2758 τῆς
628 2670 747 2757 ήλικίας
768 2671 786 2733 ό
808 2668 948 2754 ριἰρίΙΙοε
970 2670 1015 2745 εἷς
1036 2669 1214 2755 ἐπιβουλήν.
1248 2670 1277 2734 εί
1300 2671 1357 2736 τοί·

234 2800 285 2840 νυν
314 2775 432 2862 εὑρεθῇ
460 2775 638 2858 δειλότατος
666 2776 683 2837 ό
713 2774 814 2860 πατὴρ
841 2775 890 2836 καί
916 2773 1064 2855 βούλεται
1072 2774 1098 2853 ⁶)
1127 2772 1179 2834 τόν
1209 2771 1356 2838 ἐντεῦδεν

233 2877 363 2942 ἐκκλίναι
386 2879 505 2963 φόβον,
527 2881 662 2964 γράφων
684 2877 875 2964 κληρονόμον
897 2877 951 2939 τὸν
973 2874 1118 2968 pl'lpillon
1141 2876 1194 2940 τδν
1214 2877 1273 2958 μὲν
1289 2876 1356 2940 uul-

181 2997 214 3049 25
232 2978 343 3064 gt'zrion
366 2979 647 3062 ὑποκοτιίστατονί)
671 2977 792 3054 εόδέως
812 2978 893 3061 μετὰ
915 2980 970 3065 τήν
993 2975 1131 3042 ἔνστασιν
1155 2981 1209 3042 τοῦ
1231 2976 1356 3062 pupsslu

232 3081 557 3168 ἀφόβωςγραφέτιο·
582 3080 674 3157 οὗτος
695 3081 756 3167 γὰρ
779 3079 945 3162 ἐπίβουλος
967 3079 1043 3143 εἶναι
1065 3078 1102 3143 ob
1125 3079 1290 3168 δυνήσεται
1313 3083 1357 3165 τῷ

232 3186 387 3273 ἀνήβφρ)
412 3182 484 3248 οὔτε
507 3185 623 3260 ζῶντος
646 3187 699 3247 τοῦ
722 3183 847 3269 πατρός,
871 3184 1024 3263 ἀγνοεῖται
1040 3182 1101 3267 γὰρ
1117 3182 1154 3245 τὰ
1176 3182 1210 3246 ἐν
1233 3185 1271 3268 τῇ
1293 3182 1356 3246 δια-

232 3289 313 3375 δήκη
342 3289 556 3374 γεγραμμένα,
592 3285 664 3354 οὔτε
692 3287 772 3368 μετὰ
803 3286 946 3371 τελευτὴν
980 3287 1034 3349 τοῦ
1062 3281 1267 3366 διαθεμένου·
1296 3283 1356 3371 ἤδη

232 3391 292 3474 γὰρ
315 3391 485 3475 ἀναφανεὶς
508 3392 525 3450 ό
549 3393 619 3472 παῖς
641 3391 688 3475 τῷ
711 3389 800 3474 πατρί
831 3387 1023 3474 κληρονόμος
1045 3387 1081 3450 οό
1112 3385 1220 3458 δίδωσι
1244 3389 1355 3475 χώραν

181 3513 216 3564 30
235 3496 278 3576 τῷ
297 3491 482 3576 uulgariffl)
506 3492 765 3576 ὑποκαταστιίτφ,
790 3489 892 3566 οὐδεὶς
913 3489 950 3553 δὲ
972 3489 1117 3574 ἀκερδῶς
1139 3488 1356 3572 ἐπιβουλεύσει

232 3698 255 3761 1)
272 3696 367 3755 αάτοῒς
383 3694 425 3749 αδ.
443 3694 474 3748 F.
526 3694 549 3762 δ)
569 3695 613 3747 ἐπί
630 3693 679 3747 Ε’δ.
744 3693 769 3762 ³)
787 3695 830 3745 καί
848 3691 891 3746 ad.
909 3693 963 3746 M.:
981 3695 1064 3760 μα’μτ.
1084 3691 1123 3745 ἔδ.
1141 3710 1207 3760 παρ.
1225 3706 1289 3746 mox
1306 3691 1355 3743 12⁶.

231 3784 255 3846 ⁴)
272 3783 321 3832 τοῦ
339 3779 483 3832 πουπίλλου
502 3779 546 3833 αδ,
564 3779 604 3832 vi.
622 3779 655 3834 R.
738 3781 761 3844 ⁵)
779 3796 875 3848 -ηται
893 3792 942 3832 θυι.
962 3777 995 3830 R.
1075 3779 1099 3844 6)
1115 3777 1155 3832 ita
1172 3777 1210 3831 M.
1228 3778 1278 3830 L1.
1297 3773 1356 3841 12²,

232 3865 279 3934 qui
296 3871 358 3933 post
374 3866 439 3933 φορ.
456 3865 498 3918 ad.
521 3865 552 3914 ὃν
575 3879 610 3918 ex
632 3863 820 3932 geminatione.
861 3864 905 3918 Ita
928 3868 956 3916 et
973 3862 1022 3920 11⁶.
1046 3863 1089 3918 Vi.
1113 3863 1145 3917 R.
1167 3865 1205 3918 At
1230 3862 1277 3915 R:
1300 3859 1355 3927 ’γρ

232 3951 308 4021 κληρ.
326 3948 480 4012 τδνποόπ,
499 3947 576 4010 ὄντος
593 3949 641 4012 μὲν
660 3948 829 4017 βουλγαρίου
848 3948 1082 4011 όποκαταστάτου,
1101 3948 1206 4008 εὐδίοις
1223 3951 1274 4000 cot.

231 4037 255 4099 ²)
272 4054 344 4096 -ιος
362 4035 402 4088 Vi.
421 4035 454 4089 R.

299 4129 328 4191 a)
348 4121 387 4176 Of.
406 4120 466 4176 Gai.
485 4124 510 4183 2,
532 4124 588 4176 181.
